3434 5067
746 580 957 639 „34-

293 751 410 825 oblata,
430 749 486 810 sed
501 751 565 822 deo,
586 749 638 830 qui
658 749 739 828 turpi
757 750 865 829 quavis
883 747 954 808 labe
969 749 1099 810 alienus.
1128 748 1152 810 J
1153 750 1274 812 ehovab
1290 751 1412 812 demum

292 854 397 914 oblata
416 851 584 912 retribuere
615 859 777 910 censeatur
805 859 926 929 oportet
952 851 1160 912 offerentibus.
1199 851 1332 912 Causam
1353 875 1410 914 nos
1457 872 1460 877 ’

291 957 393 1036 potius
414 954 445 1013 in
464 955 534 1033 ipsa
549 961 659 1012 nutura
670 951 944 1032 deprehendimus.
975 953 1068 1012 Talia
1081 955 1127 1033 pii
1142 954 1261 1015 arbitrii
1276 955 1410 1035 impulsu

240 1079 242 1083 ·
291 1059 317 1116 si
338 1057 419 1116 dona
439 1054 621 1128 caeduntur,
647 1054 721 1134 quid
741 1063 871 1134 possunt
890 1057 997 1115 testari
1017 1057 1076 1115 nisi
1097 1057 1220 1116 intimas
1240 1058 1408 1117 animorum
1461 1138 1466 1140 Ἴ

291 1159 481 1220 conditiones
501 1157 643 1216 Jehovae
660 1155 804 1215 deditas?
831 1157 895 1215 Eas
914 1158 1070 1229 testaturi,
1094 1166 1241 1238 quantum
1262 1161 1407 1239 poterint,

287 1282 321 1322 re
340 1281 414 1320 vera
434 1253 549 1340 optima
563 1257 686 1317 tradent
701 1258 769 1316 deo,
807 1255 868 1330 Qui
884 1278 976 1338 quum
991 1261 1125 1318 muneris
1140 1280 1202 1319 non
1215 1280 1273 1340 per
1288 1280 1335 1335 se,
1351 1262 1407 1320 sed

289 1364 409 1421 animae
429 1362 532 1440 potius
544 1361 713 1435 'mactantis
733 1361 833 1419 animo
849 1361 983 1420 suffusae
999 1382 1036 1419 ac
1051 1361 1241 1421 sacrificatae
1257 1365 1407 1422 rationem

287 1464 409 1536 habeat,
426 1464 458 1522 in
473 1463 617 1522 victimae
632 1461 741 1522 nidore
756 1461 858 1523 haurit
874 1471 978 1540 gratas
994 1463 1052 1521 sibi
1067 1463 1187 1541 ingenii
1204 1464 1405 1524 conditiones.

286 1565 479 1626 Misericordi
507 1566 587 1623 enirn
614 1564 715 1641 gratis
738 1563 824 1622 dives
847 1563 1003 1623 hominum
1026 1565 1168 1624 infelices
1192 1567 1286 1625 etiam
1307 1565 1405 1645 pollet

286 1668 431 1748 excipere
446 1666 597 1726 benevole
613 1685 673 1726 res.
688 1699 729 1706 -
751 1663 912 1725 Consimili
934 1666 1033 1724 omine
1053 1667 1179 1726 fulcitur
1197 1668 1403 1728 laxamentum

283 1771 347 1848 legi
362 1770 607 1829 holocaustorum
624 1767 740 1840 datum,
759 1768 784 1826 si
800 1767 962 1827 muliebria
977 1788 1100 1848 quoque
1115 1769 1260 1828 animalia
1274 1771 1306 1828 in
1322 1769 1402 1831 salu-

283 1872 370 1931 tariis
385 1871 521 1930 litantur.
544 1867 686 1950 Baehr*)
702 1878 816 1930 temere
832 1868 909 1928 illud
926 1871 1024 1932 ceruit
1037 1872 1070 1929 in
1084 1871 1195 1950 pretio,
1212 1891 1271 1951 quo
1286 1872 1403 1931 minora

228 1963 229 1968 ἵ
283 1975 361 2033 haec
385 1974 446 2031 sint
467 1972 619 2031 sacrificia
642 1972 758 2032 solidis.
797 1972 891 2030 Talia
911 1971 1088 2031 discrimina
1106 1981 1212 2052 repeto
1232 1973 1316 2032 nullo
1336 1974 1402 2034 iure

282 2075 403 2154 legibus
422 2074 569 2133 Mosaicis
591 2073 720 2146 intrudi,
746 2093 825 2152 quae
846 2073 948 2132 omnia
968 2093 1056 2132 sacra
1077 2073 1185 2134 eodem
1201 2075 1401 2135 castimoniae

281 2185 433 2264 momento
462 2176 626 2235 cumulant.
672 2176 781 2234 Potius
811 2176 957 2254 propriae
982 2175 1061 2234 illud
1087 2174 1185 2237 indoli
1210 2196 1400 2237 concessum.

280 2281 389 2340 Fortes
403 2277 552 2363 audaciae
568 2285 660 2357 atque
673 2276 835 2354 generales
849 2276 1016 2336 solidorum
1029 2276 1196 2354 religiones
1208 2278 1291 2338 virili
1300 2278 1401 2338 hostia

212 2409 215 2429 ι
280 2382 369 2462 pingi
387 2379 541 2450 videmus,
566 2399 626 2457 qus
647 2378 704 2437 deo
726 2398 759 2436 se
780 2379 861 2436 sistit
880 2378 983 2451 homo,
1008 2386 1042 2436 ut
1061 2379 1167 2438 divina
1182 2379 1315 2459 quadam
1328 2380 1399 2439 luce

281 2483 496 2542 collustrentur
518 2481 638 2539 arcanis
661 2479 684 2539 J
686 2479 804 2540 ehovae
827 2481 886 2540 viis
910 2479 1086 2540 inserenda.
1125 2479 1273 2540 Sensibus
1297 2489 1399 2541 autem

280 2585 398 2662 gratiae
406 2582 429 2642 J
432 2583 548 2641 eborae
562 2581 694 2640 incussis
711 2581 958 2645 deestarcanum
972 2581 1055 2640 istud
1070 2580 1195 2642 dubium
1211 2582 1398 2662 divinaeque

279 2685 396 2763 gloriae
417 2685 507 2744 nitor.
536 2683 678 2764 Namque
695 2684 745 2763 qui
763 2683 814 2742 dei
830 2703 863 2742 se
880 2685 981 2761 gratia
999 2684 1092 2762 longe
1107 2685 1286 2745 inferiorem
1301 2685 1399 2744 sensit

279 2785 358 2848 Gen.
374 2790 424 2858 32,
442 2789 490 2858 10,
506 2784 588 2843 idem
603 2807 671 2844 sous
685 2785 851 2863 religiones
868 2785 1004 2865 picturus
1020 2806 1081 2845 non
1097 2796 1158 2864 eqet
1172 2785 1277 2846 divina
1292 2786 1396 2866 specie

277 2908 378 2968 neque
395 2909 462 2947 eam
476 2886 568 2945 valde
587 2886 707 2966 premit.
737 2887 883 2948 Humana
907 2888 1034 2968 quaevis
1054 2887 1250 2948 imbecillitas
1271 2888 1322 2946 isti
1343 2886 1395 2946 ad-

237 3067 247 3070 *
277 3010 400 3050 versum
422 2996 496 3062 stat,
526 2987 575 3048 oui
598 2987 794 3064 adornandae
821 2990 914 3048 etiarn
940 2989 1098 3050 muliebris
1125 2991 1251 3051 victima
1273 2989 1395 3063 sufficit,

274 3093 457 3172 praesertim
482 3110 574 3171 quum
592 3092 715 3168 pretiosi
732 3102 862 3169 receptus
881 3101 1003 3171 gestare
1022 3093 1166 3152 videatur
1187 3089 1271 3150 haud
1285 3090 1395 3148 obscu-

274 3215 340 3255 rum
356 3193 520 3272 vestigium
535 3200 566 3251 ct
580 3193 658 3271 ipsa.

358 3297 484 3355 Rituum
500 3294 698 3354 conformatio
715 3315 782 3354 oum
799 3293 907 3354 solidis
922 3296 1083 3366 consentit,
1099 3300 1133 3351 ut
1148 3311 1254 3372 sparso
1272 3312 1392 3372 quoque
1483 3303 1492 3314 ·

274 3399 426 3476 sanguine
449 3396 633 3455 immolantis
650 3395 758 3455 eadem
773 3395 825 3454 via
841 3395 899 3454 deo
915 3395 1061 3455 fundatur
1077 3395 1187 3452 anima.
1216 3394 1392 3453 Diversitas

274 3507 396 3560 emanat
418 3519 457 3558 ex
476 3506 546 3557 actu
569 3499 698 3577 adipso
720 3498 829 3557 altaria
850 3498 1028 3577 pertinenti.
1064 3496 1188 3556 Etenim
1210 3516 1273 3555 non
1294 3504 1390 3554 totum

182 3613 187 3616 “
272 3603 416 3662 victimae
439 3621 548 3680 corpus
575 3608 736 3672 crematur,
766 3599 822 3658 sed
846 3618 902 3658 eae
921 3606 1038 3658 tantum
1061 3606 1094 3657 ut
1114 3598 1328 3658 comburantur
1350 3597 1390 3657 ad

273 3704 384 3762 altaria
406 3710 566 3762 moventur
585 3709 703 3782 partes,
727 3721 801 3779 quas
823 3703 1014 3779 ableqmr'num
1032 3699 1213 3779 nomino**)
1234 3700 1328 3760 hodie
1344 3720 1390 3759 so-

269 3805 336 3864 lent
352 3803 510 3864 celebrare
525 3821 679 3863 sacrorum
694 3803 887 3881 interpretes.
916 3804 1006 3862 Haec
1021 3811 1107 3862 sunt:

358 3906 388 3985 1)
409 3912 498 3986 ΞἿΡΠ
512 3913 561 3968 ns
570 3909 697 3966 *town
711 3891 895 3985 fimare),
912 3905 1008 3985 adeps
1023 3905 1171 3964 intestina
1185 3912 1304 3982 tegens.

275 4034 468 4043 ψ...-

353 4090 373 4155 *)
387 4094 404 4140 l.
417 4095 435 4140 l.
447 4109 472 4154 p.
485 4094 542 4140 378.

337 4174 372 4238 *Ἴ
386 4181 417 4226 cf.
430 4179 503 4224 Paul.
515 4177 622 4230 Diacon.
634 4193 659 4237 p.
673 4179 712 4236 27,
728 4158 750 4225 7

320 4258 368 4321 ***)
380 4262 555 4324 Rabbinorum
573 4275 603 4308 cx
615 4263 742 4308 sententia
758 4262 838 4322 probe
857 4262 1064 4323 distinguendum
1082 4267 1123 4310 est
1138 4263 1207 4309 inter
1219 4249 1269 4309 :bn
1282 4264 1308 4308 et
1319 4265 1388 4327 qm.

266 4345 422 4390 Ariseria
435 4346 460 4390 in
474 4347 537 4404 neg.
550 4347 738 4404 r01.113‚1.2.:
756 4352 838 4394 tarsos
850 4336 900 4396 :bn
912 4354 969 4410 top:
981 4355 1051 4397 sonu
1062 4354 1090 4416 qs
1102 4337 1192 4411 riserat
1201 4352 1277 4394 essu
1289 4351 1388 4412 peroso

267 4433 324 4494 Μ
336 4434 393 4490 κῆρι
406 4434 472 4472 tons
483 4435 577 4476 :munt
588 4436 651 4476 'tunt
674 4431 749 4478 Prius
762 4436 861 4478 tentum
873 4447 888 4480 a
900 4436 995 4482 mensis
1005 4434 1164 4496 prohibetur.
