3434 5067
740 473 952 530 ⁸„4q„.

285 639 408 717 gionem
429 659 468 700 ex
487 660 525 700 ea
545 647 728 718 susceptam.
765 639 799 700 Si
817 639 937 698 miseris
958 639 1095 718 aperitur
1110 657 1146 697 ac
1160 637 1348 717 pauperibus
1364 638 1405 698 ad

178 753 188 772 ⁸
245 753 246 758 ’
285 761 403 800 sacram
422 742 501 801 hanc
520 761 657 800 mensam
678 741 793 814 aditus,
816 741 972 800 offerentis
998 741 1031 799 in
1050 740 1149 800 salute
1166 747 1201 798 et
1221 740 1350 818 gaudio,
1371 741 1406 800 in

286 842 424 922 gratibus
448 851 479 902 et
500 843 593 902 laude
618 843 647 901 ei
670 849 864 922 exponuntur
886 861 1008 916 sensus,
1031 841 1141 921 quibus
1163 841 1273 900 beatus
1297 843 1405 922 nequit

285 945 417 1004 tolerare
439 944 551 1004 doloris
574 943 785 1018 acerbitatem,
808 943 993 1024 ubicumque
1011 944 1146 1022 pectoris
1162 944 1297 1023 quietem
1311 952 1406 1003 verrat

189 1073 194 1080 ·
287 1053 318 1104 et
334 1045 511 1125 conterit*).

371 1147 434 1208 Sed
447 1148 557 1208 breves
573 1155 661 1208 sunto
676 1156 706 1207 et
720 1147 862 1206 concisae
875 1147 1034 1226 epularum
1046 1147 1193 1206 laetitiae.
1216 1147 1297 1206 Nam
1309 1147 1406 1224 fugax

285 1248 360 1332 bora
377 1269 480 1308 secum
495 1250 577 1329 rapit
590 1251 674 1308 vitae
689 1251 783 1308 vices.
808 1247 925 1323 Quovis
941 1268 1030 1309 mane
1045 1230 1126 1308 nova
1136 1247 1279 1309 Jehovae
1295 1249 1404 1327 gratia,

287 1352 395 1430 quovis
411 1369 542 1429 vespere
559 1350 659 1410 denuo
680 1351 868 1412 obscuratur.
898 1351 1009 1431 Neque
1024 1351 1144 1430 piorum
1159 1370 1266 1410 sensus
1282 1358 1406 1409 manent

287 1460 477 1525 constantes,
506 1471 607 1531 neque
636 1454 818 1513 sacramenti
847 1453 978 1530 auguria
1001 1461 1152 1532 perpetuo
1174 1453 1280 1512 lucent
1299 1453 1404 1511 menti.

285 1555 374 1613 Haec
389 1573 490 1612 rerum
496 1557 577 1633 supa
592 1576 653 1614 non
667 1555 699 1614 in
713 1555 861 1614 luctuosis
877 1555 1009 1614 humano
1021 1555 1146 1632 ingenio
1154 1554 1309 1613 revelatur
1320 1561 1405 1612 tene-

285 1654 362 1730 bris,
379 1676 506 1735 quarum
521 1639 664 1715 diranox
679 1659 803 1716 aeternis
819 1677 851 1716 se
867 1655 1022 1735 provolvit
1035 1655 1215 1732 angoribus,
1231 1655 1287 1714 sed
1300 1654 1406 1714 lucida

287 1758 406 1834 gratiae
425 1743 611 1832 inflamma,
636 1757 759 1838 quando
779 1758 913 1817 feliciter
931 1758 1053 1816 fervens
1074 1759 1156 1817 citius
1170 1756 1324 1817 desiderio
1339 1757 1405 1836 pal-

285 1858 384 1918 lescit.
413 1858 490 1934 Quis
507 1869 553 1918 est
569 1860 642 1939 quin
658 1861 830 1920 meminerit
843 1861 984 1920 fortunae
996 1867 1078 1919 certo
1087 1866 1168 1918 stare
1182 1859 1249 1918 loco
1259 1859 1405 1918 nesciae?

285 1959 412 2039 Anceps
432 1959 530 2036 labat,
551 1961 630 2021 ludit
649 1963 681 2020 in
700 1961 840 2020 humanis
862 1962 964 2021 rebus.
994 1960 1108 2020 (lasum
1122 1961 1240 2020 habent
1252 1961 1404 2020 mortalia.

286 2059 368 2120 Num
391 2061 464 2141 quid
486 2061 595 2121 haeres
617 2063 651 2122 in
671 2063 773 2140 sigillo
796 2063 887 2123 huius
908 2063 1002 2140 fugae
1021 2063 1118 2122 sacris
1140 2063 1303 2143 impresso,
1327 2082 1406 2142 quae

287 2162 372 2242 ipsos
392 2162 447 2223 hos
468 2183 576 2222 sensus
596 2164 752 2224 fundunt?
779 2165 925 2224 Festivae
948 2165 1044 2244 dapes
1061 2185 1097 2225 ac
1112 2165 1305 2244 splendidae.
1343 2163 1407 2224 Sed

286 2263 380 2323 horae
396 2273 572 2344 premantur
586 2266 631 2340 vi,
651 2276 685 2324 ut
704 2269 846 2326 humanae
865 2285 970 2327 veram
985 2266 1092 2326 salutis
1107 2266 1277 2346 praebeant
1292 2287 1328 2326 ac
1342 2267 1405 2325 lae·

287 2367 374 2426 titiae
394 2367 570 2444 imaginem.
600 2367 679 2426 Inde
698 2367 781 2428 illius
801 2368 858 2428 tibi
879 2369 1064 2428 discriminis
1086 2370 1164 2428 ratio
1187 2368 1321 2449 patebit,
1345 2389 1404 2449 quo

285 2468 408 2527 votivae
425 2476 455 2527 et
469 2467 662 2528 voluntariae
677 2470 820 2530 victimae
836 2471 960 2530 residua
972 2472 1003 2529 in
1016 2480 1173 2551 posterum
1186 2471 1267 2530 diem
1279 2471 1405 2530 recondi

287 2569 334 2626 fas
351 2577 410 2642 est,
429 2570 607 2629 laudativae
622 2591 684 2630 non
698 2572 781 2630 item.
812 2573 954 2653 Namque
973 2573 1053 2632 fixae
1075 2593 1154 2652 quae
1170 2571 1255 2632 cadit
1270 2575 1338 2652 lepis
1353 2592 1405 2632 ne·
1508 2633 1514 2638 .

286 2670 479 2746 cessitudini,
499 2671 590 2730 huius
611 2673 712 2731 omina
733 2673 869 2733 caducae
890 2673 1021 2734 hominis
1042 2682 1170 2734 naturae
1191 2673 1320 2734 celerius
1342 2695 1405 2733 cor·

285 2779 383 2831 ruent.
407 2773 528 2832 Durant
540 2773 671 2850 felicius,
688 2774 922 2855 qualiacumque
939 2776 1113 2853 germinant
1127 2776 1160 2834 in
1175 2777 1277 2835 anima
1293 2778 1408 2836 liberali

285 2872 419 2954 impulsu
437 2874 494 2934 deo
511 2875 593 2934 data.

371 2974 479 3036 Gratia
496 2976 600 3036 divina
617 2978 668 3056 qui
684 2976 815 3036 hominis
832 2979 1032 3058 aggrediatur
1046 2987 1195 3053 naturam,
1212 2987 1321 3038 cuncto
1338 2999 1405 3038 cae·
1447 3000 1455 3015 ·

285 3077 433 3136 rimoniae
454 3079 615 3158 complexu
636 3078 816 3140 celebratur.
850 3081 950 3140 Lucet
969 3082 1013 3140 uti
1032 3083 1222 3160 privatorum
1240 3081 1338 3154 vitae,
1361 3083 1406 3140 sic

285 3179 403 3237 nationi
419 3179 591 3239 universae.
623 3181 684 3240 Ubi
701 3183 839 3257 generali
854 3202 956 3241 rerum
971 3184 1003 3241 in
1018 3203 1163 3242 successu
1180 3183 1314 3242 cernitur
1328 3182 1405 3242 Lev.

288 3281 315 3352 7,
333 3281 381 3354 12,
397 3278 450 3338 ubi
467 3280 614 3340 festorum
631 3281 748 3341 dierum
765 3282 944 3343 celebritate
959 3285 1050 3343 Num.
1069 3287 1117 3358 10,
1134 3287 1183 3359 10,
1200 3285 1251 3344 ubi
1267 3292 1407 3343 votorum

287 3381 501 3440 convinctionc
515 3382 606 3441 Num.
624 3385 652 3456 6,
670 3384 719 3442 14.
735 3384 811 3443 Lev.
824 3389 851 3459 7,
869 3387 919 3444 16.
935 3389 985 3460 22,
1002 3388 1052 3458 21,
1069 3405 1189 3465 semper
1205 3387 1338 3465 beaiynos
1354 3405 1407 3444 ex-

284 3478 397 3560 promit
413 3485 512 3556 actuS,
537 3483 646 3562 quibus
663 3485 831 3545 animorum
846 3495 945 3546 motus
963 3488 1222 3565 constringuntur,
1245 3496 1279 3546 ut
1294 3488 1406 3546 saluta-

192 3591 195 3596 '
286 3584 340 3642 riis
361 3584 449 3644 donis
469 3584 653 3664 praedicent
673 3586 799 3647 divitem
821 3589 929 3648 salutis
947 3589 1135 3667 largitorem.
1168 3589 1212 3648 Et
1231 3590 1257 3648 si
1272 3590 1406 3649 nationis

284 3718 490 3729 ——-—..-.---

353 3785 375 3850 *)
390 3789 466 3838 Certe
480 3789 673 3851 suedi-egregie
686 3791 789 3837 cecinit:

508 3872 601 3996 ἦγέ
630 3871 772 3984 W
803 3887 929 3996 ΜΡ
959 3871 1097 3992 Μ
1122 3909 1180 3987 a?

585 4007 1194 4134 Qwfflfflfflffl'

596 4139 741 4253 &lampa
772 4159 857 4265 Uip
886 4145 1024 4270 ulmi?
1053 4145 1078 4266 l)
1105 4143 1180 4258 σίν,

579 4271 714 4386 mliv?
734 4299 783 4398 Ρ
814 4290 907 4378 ciet
936 4277 1073 4382 α’Μ
1100 4261 1156 4373 [ᾗ
