3434 5067
744 544 785 551 ·-
830 511 996 607 21‘5.

290 684 335 736 est
353 664 488 735 nativam
508 676 652 755 indagare
674 684 767 736 status
786 677 931 751 indolem,
955 681 1006 759 qni
1022 701 1097 740 voce
1117 672 1187 767 Ubii
1202 685 1350 763 signatur,
1372 697 1406 747 ut

290 779 445 838 abstracta
457 779 519 837 eius
535 779 634 858 specie
649 778 688 837 ad
702 780 855 838 notionem
870 780 985 841 formae
999 772 1067 869 libii}
1080 786 1299 862 perveniamus.

373 881 460 938 Illius
479 882 555 939 ratio
573 881 674 960 plana.
710 872 778 965 nbi)
799 882 956 941 incolumis
977 891 1023 942 est
1042 885 1118 945 Gen.
1139 888 1193 962 33,
1215 891 1268 965 18,
1290 892 1407 969 integer

290 983 381 1040 Dent.
404 981 457 1057 25,
483 982 535 1056 15,
562 981 713 1061 perfectus
736 985 754 1040 2
776 982 885 1044 Chron.
907 987 939 1059 8,
961 988 1013 1059 16,
1040 987 1072 1043 in
1094 1007 1126 1046 se
1148 989 1303 1051 absolutus
1329 993 1405 1053 Gen.

291 1079 414 1157 15,’16.
449 1081 482 1140 Si
503 1084 549 1142 eui
569 1104 636 1143 cum
656 1084 717 1142 alio
736 1085 853 1162 integra
874 1094 920 1145 est
940 1094 1030 1166 atque
1050 1088 1188 1148 absoluta
1207 1094 1407 1169 necessitudo,

287 1205 394 1266 pacem
409 1204 475 1242 curn
491 1205 526 1244 eo
543 1192 573 1244 et
588 1187 749 1244 amicitiam
762 1185 855 1245 fovet.
885 1186 986 1262 Quare
1005 1188 1081 1249 Gen.
1098 1192 1152 1265 34,
1168 1194 1217 1251 21.
1233 1199 1282 1256 nrt
1296 1185 1408 1274 mili

290 1293 366 1350 uns
390 1294 458 1345 sunt
480 1287 531 1366 qui
555 1287 650 1346 amice
673 1308 740 1346 cum
762 1288 849 1347 nobis
871 1290 991 1364 vivunt,
1016 1299 1046 1349 et
1067 1285 1104 1353 'a't
1117 1298 1161 1357 117
1180 1284 1249 1380 libii}
1266 1261 1407 1356 Jehovad

291 1385 409 1453 deditus
425 1391 441 1446 1
454 1389 530 1466 Reg.
544 1391 573 1462 8,
587 1391 636 1447 61.
665 1390 706 1447 Et
721 1409 813 1469 quum
828 1391 951 1450 cuilibet
965 1393 1169 1453 Israelitarum
1184 1398 1288 1456 virtuti
1302 1399 1409 1476 regula

290 1491 393 1549 valeat
406 1491 437 1548 in
452 1495 504 1548 ore
519 1490 621 1549 divino
636 1491 807 1565 imminens,
827 1512 943 1551 merum
958 1483 1026 1579 Εξὶῥ
1039 1495 1212 1572 religiosam
1227 1507 1313 1557 notat
1327 1501 1408 1560 dedi-

290 1593 415 1666 tionem,
449 1612 509 1672 qua
536 1593 603 1672 quis
626 1592 765 1651 Jehovae
793 1613 825 1652 se
848 1595 956 1652 stiterit
984 1599 1002 1653 2
1025 1596 1101 1674 Reg.
1121 1600 1175 1672 20,
1196 1602 1225 1658 3.
1259 1601 1408 1661 20111111.

293 1698 341 1768 15,
366 1697 415 1753 17.
456 1693 614 1753 Transitus
642 1694 711 1753 inde
739 1695 831 1756 facile
856 1705 942 1776 patet
967 1697 1007 1756 ad
1035 1701 1288 1778 consanguineum
1316 1693 1409 1789 nibet.

290 1797 463 1858 ‘Gussetiusz
484 1779 629 1872 0510111111
643 1797 739 1876 inquit
746 1799 775 1876 ²¹⁸)
792 1818 856 1856 cum
868 1819 945 1874 pace
957 1801 1105 1875 convenit,
1122 1804 1193 1882 quia
1203 1824 1265 1882 pax
1273 1804 1410 1880 habetur,

290 1907 379 1979 prout
402 1898 569 1977 completae
591 1906 660 1958 sunt
686 1918 734 1957 res
756 1901 945 1959 necessariae
967 1902 1006 1959 ad
1029 1922 1095 1961 esse
1120 1912 1150 1962 et
1172 1905 1211 1963 ad
1233 1906 1311 1966 bene
1334 1926 1409 1966 esse.

289 2000 412 2079 Integer
422 2001 504 2059 vitae
516 2019 577 2058 non
587 2008 656 2078 eget
662 2002 775 2060 Mauris
788 2002 895 2060 iaculis
906 2024 963 2062 nec
971 2023 1042 2062 arou
1049 2024 1105 2063 nec
1113 2008 1271 2066 venenatis
1285 2009 1412 2085 gravida

292 2103 409 2180 sagittis
422 2101 629 2182 pharetrati).
665 2101 722 2163 Oui
746 2103 885 2162 absoluta
906 2105 937 2163 in
960 2124 992 2164 se
1014 2106 1096 2165 lucet
1117 2107 1261 2183 conditio,
1284 2110 1365 2172 alma
1384 2111 1411 2168 is

278 2204 425 2284 'undique
438 2225 514 2284 pace
529 2205 644 2263 fruitur.
659 2239 702 2248 -
723 2204 761 2264 In
776 2205 822 2262 his
837 2207 996 2266 momentis
1012 2227 1100 2267 omne
1114 2209 1199 2268 verbi
1214 2199 1282 2273 nbi)
1297 2212 1413 2270 lucrum

292 2307 452 2387 propagari
473 2306 628 2365 concedes,
666 2305 807 2366 Ordimur
826 2307 957 2366 notionis
978 2309 1188 2369 enodationem
1208 2331 1246 2370 ex
1266 2310 1359 2386 dicto,
1382 2313 1413 2370 in

293 2429 353 2488 quo
369 2407 508 2466 distincte
529 2415 666 2465 cunctum
685 2408 828 2486 proditur.
859 2408 985 2483 Quaerit
1004 2412 1027 2471 J
1029 2410 1065 2469 ob
1083 2413 1110 2487 9,
1127 2415 1163 2471 8:
1188 2411 1262 2486 Quis
1281 2434 1414 2493 unquam
1510 2414 1513 2418 ’

294 2511 336 2567 ait
360 2507 415 2566 deo
439 2527 472 2566 se
496 2509 636 2586 opposuit
659 2515 689 2567 11
710 2509 858 2570 incolumis
882 2513 991 2570 mansit
1019 2503 1165 2597 [flblilili
1194 2514 1293 2572 Elifas
1317 2515 1414 2574 eidem

294 2609 401 2693 suadet
416 2610 466 2682 22,
482 2610 520 2667 21
540 2629 619 2689 sqq.:
643 2609 800 2670 Adsuesce
816 2632 928 2690 quaeso
944 2633 1012 2672 cum
1027 2634 1077 2687 eo,
1088 2589 1190 2673 'fidem
1209 2634 1321 2694 repone
1335 2617 1415 2675 iusta

295 2714 358 2772 eius
373 2712 405 2769 in
418 2719 581 2791 potestate,
603 2719 637 2795 ut
651 2721 789 2788 pacatas,
813 2720 846 2770 ut
860 2717 959 2772 salvas
974 2716 1015 2772 sis
1031 2723 1122 2795 atque
1141 2714 1212 2775 inde
1226 2716 1337 2776 bonum
1353 2718 1414 2776 adi-

293 2815 410 2894 piscare
423 2821 611 2892 proventum.
642 2811 768 2892 Suscipe
784 2814 883 2892 legem
899 2815 962 2874 eius
980 2836 1018 2874 ex
1032 2837 1097 2890 ore,
1117 2818 1212 2876 verba
1227 2819 1291 2878 eius
1306 2821 1338 2877 in
1354 2820 1414 2877 ani-

294 2937 375 2974 mum
396 2915 528 2974 demitte.
558 2913 620 2974 Ubi
639 2914 762 2973 redieris
783 2915 822 2974 ad
842 2915 996 2995 Optimum
1015 2919 1194 2993 Maximum,
1216 2921 1292 2979 felix
1314 2919 1415 2978 aedifi-

216 3089 221 3098 ,
296 3017 416 3091 cabcre,
439 3017 628 3096 iniquitatem
650 3017 818 3078 removebis
842 3037 861 3075 a
882 3020 1010 3076 tentorio
1035 3028 1096 3078 tua.
1119 3055 1162 3062 —
1182 3021 1293 3079 Nonne
1315 3022 1416 3094 sentis,

296 3119 394 3199 qualis
417 3118 492 3178 haec
514 3118 553 3176 sit
576 3116 789 3175 incolumitas?
818 3117 899 3184 Tota
920 3121 996 3196 vitae
1018 3121 1178 3178 substantia
1201 3141 1287 3193 sana,
1311 3121 1417 3196 dulcis,

274 3221 394 3280 beata.
427 3218 571 3279 Absoluti
596 3219 710 3297 species
733 3219 793 3276 iarn
820 3220 1003 3279 extrinsecus
1030 3240 1150 3301 quoque
1172 3229 1273 3301 potest
1292 3222 1418 3301 concipi,

215 3391 222 3404 ι
298 3310 929 3402 1111110111111(110111111113115111155
948 3310 1066 3401 nbnut]
1094 3323 1203 3401 lReg.
1221 3326 1248 3396 7,
1265 3325 1303 3382 51
1326 3342 1418 3402 opera

297 3443 376 3503 quae
393 3419 536 3481 Salomon
551 3423 582 3480 in
597 3421 673 3482 aede
688 3443 773 3481 sacra
787 3422 947 3502 perfecerit
961 3431 992 3482 et
1006 3424 1285 3504 Hierosolymorum
1300 3425 1419 3483 moenia

296 3524 374 3584 Neh.
392 3525 420 3596 6,
438 3525 485 3582 15.
516 3523 605 3598 Quod
620 3525 645 3582 si
662 3524 701 3582 ad
716 3524 857 3603 temporis
874 3525 1030 3584 decursum
1045 3526 1202 3602 redigitur,
1221 3526 1345 3604 plenum
1358 3545 1420 3582 vox

298 3626 492 3706 dispensavit,
509 3645 568 3706 quo
584 3627 675 3700 viret,
692 3646 820 3685 succum.
851 3626 932 3684 Tale
947 3626 1023 3685 illud
1036 3628 1211 3685 vaticinium
1226 3628 1249 3686 J
1250 3647 1291 3685 es.
1302 3627 1417 3699 60,20:

300 3728 353 3787 Sol
368 3736 437 3786 tuus
452 3749 513 3786 non
533 3725 664 3800 occidet,
684 3747 740 3786 nec
762 3727 834 3786 luna
857 3727 1064 3787 obscurabitur
1083 3735 1144 3786 tua.
1179 3729 1258 3787 Nam
1277 3726 1420 3788 Jehovah
1461 3756 1465 3765 ¹

298 3831 352 3890 tibi
366 3839 513 3910 perpetua
527 3829 581 3887 lux
596 3837 626 3888 et
642 3831 828 3888 consummati
846 3832 905 3888 dies
925 3830 1023 3888 luctus
1042 3830 1095 3888 tui.
1128 3829 1220 3888 Cuius
1240 3830 1292 3908 qui
1313 3829 1420 3887 cando-

299 3952 362 3991 rem
378 3951 443 3990 sese
460 3934 623 4010 occupasse
638 3929 696 3989 sibi
709 3938 936 4009 persuaserunt,
957 3951 1048 4010 quum
1068 3937 1235 3988 transactas
1254 3930 1421 3989 iudicarent

301 4040 331 4093 et
344 4033 523 4112 praeteritas
540 4051 684 4110 angorum
697 4031 800 4105 horas,
816 4031 837 4088 ii
853 4038 957 4109 aperte
973 4038 1117 4090 errarunt.
1145 4032 1268 4091 Etenim
1282 4031 1421 4108 religioni

301 4141 503 4150 —ae——ss

369 4177 383 4202 ⁴*
407 4184 425 4230 l.
438 4185 456 4230 l.
487 4186 581 4232 ‚164'L

352 4182 394 4327 “i
403 4199 515 4328 lngeiiue
528 4268 650 4314 tolerabis
663 4273 750 4316 nostra
762 4269 789 4315 in
801 4267 979 4327 disquisitione
993 4268 1062 4314 vafri
1073 4267 1176 4314 Horatii
1193 4268 1276 4328 lyram
1291 4266 1388 4328 (carm.
1400 4268 1421 4316 1.

302 4355 342 4402 22.
357 4351 443 4414 1-4.)
455 4353 552 4415 Nempe
563 4366 613 4400 non
625 4353 767 4401 inauditam
780 4353 863 4400 refero
875 4366 938 4400 rem.
