3434 5067
737 468 945 526 ..42-

278 639 412 699 hostium
425 640 458 697 in
474 645 641 718 conspectu
652 638 704 696 Ps.
714 637 792 708 23,5
809 657 827 694 a
839 636 864 697 J
864 635 963 697 above
978 644 1092 696 1110111
1106 635 1165 696 sibi
1179 635 1267 695 videt
1278 655 1400 695 mensae

279 741 362 801 dulci
378 741 526 800 felicitate
542 739 660 812 beatus,
676 739 831 812 hilaritate
847 739 1056 818 percelluntur
1072 739 1257 820 quicumque
1273 737 1314 796 ad
1328 737 1399 796 illas

278 841 430 902 accedunt
444 842 467 902 J
469 842 585 901 ehovae
607 842 645 902 ob
667 842 772 901 oeulos
791 842 957 914 Deut.12,
977 841 1093 899 1218.
1122 839 1207 898 Hinc
1226 836 1326 905 laetus
1346 839 1399 898 ille

278 943 432 1023 splendor,
450 943 559 1023 quoad
570 962 708 1002 mensam
720 943 871 1002 amicitias
884 942 1053 1021 antiquitus
1067 941 1195 1000 iunxere
1205 938 1340 1014 Gem31,
1348 941 1399 1000 54.

276 1045 336 1104 Ex.
355 1047 407 1118 10,
425 1045 474 1106 25.
500 1047 552 1117 18,
570 1047 610 1104 12
634 1045 773 1117 101124,
791 1045 859 1124 5*).
898 1045 982 1104 Hinc
1001 1042 1056 1102 illa
1075 1043 1260 1122 uoluptatis,
1281 1042 1398 1120 gaudii,

277 1145 478 1206 beatitudinis
505 1145 663 1226 prodigia,
695 1163 774 1225 quae
799 1146 837 1204 ad
860 1147 961 1225 ipsam
986 1145 1075 1222 regni
1098 1144 1200 1208 divini,
1218 1144 1399 1203 felicitatem

278 1247 416 1308 Christus
437 1247 588 1327 applicuit
606 1247 715 1306 Matth.
733 1249 782 1320 22,
800 1251 828 1306 1.
844 1250 899 1319 26,
917 1249 967 1307 29.
990 1247 1066 1305 Luc.
1084 1247 1137 1318 14,
1161 1247 1209 1305 16.
1243 1246 1328 1305 Hinc
1346 1247 1417 1306 Ius

278 1350 423 1409 dacorum
440 1356 619 1420 commenta,
637 1327 715 1428 duae
731 1348 830 1408 beatis
847 1349 995 1408 animalia
1006 1346 1399 1408 BehemothetLeviathan

278 1450 383 1512 cibum·
394 1449 459 1510 fore
477 1450 609 1509 clamant
627 1446 776 1531 [Henokh
791 1450 912 1522 LVIII,
931 1452 963 1523 73
982 1451 1028 1510 IV
1046 1448 1138 1510 Esdr.
1154 1449 1212 1521 VI,
1233 1444 1301 1527 47],
1325 1451 1398 1529 quia

276 1551 361 1611 nulla
381 1552 494 1612 aliare
516 1553 605 1611 citius
626 1550 709 1610 allici
733 1553 831 1631 possit
849 1552 983 1611 humana
1008 1559 1131 1624 natura,
1160 1571 1251 1631 quam
1271 1550 1339 1611 cibo
1361 1571 1398 1610 ac

275 1661 359 1733 potu,
377 1653 476 1714 Sohar
491 1652 569 1714 Gen.
584 1675 615 1733 p.
625 1653 753 1732 321**).
769 1687 810 1698 —
828 1651 928 1726 Quam
944 1653 982 1713 ob
997 1673 1062 1713 rem
1077 1653 1160 1712 laeta
1175 1673 1212 1712 ac
1226 1652 1308 1712 festa
1323 1672 1397 1732 epu·

275 1754 322 1815 las
339 1756 525 1815 sacrificales
546 1764 672 1815 coronat
692 1756 811 1835 species
833 1759 849 1814 1
868 1753 952 1814 Sam.
968 1756 1000 1827 9,
1020 1756 1069 1816 19.
1094 1757 1147 1827 16,
1169 1757 1198 1813 3.
1215 1755 1244 1814 5.
1268 1757 1298 1814 2.
1314 1754 1396 1814 Sam.

276 1859 305 1930 6,
323 1860 362 1918 19
380 1857 448 1916 coll.
465 1857 543 1916 Tob.
562 1861 589 1929 1,
608 1861 656 1929 12,
673 1866 703 1916 et
720 1857 920 1916 comissantes
935 1858 1022 1937 pacis
1039 1877 1076 1917 ac
1091 1856 1210 1934 gratiae
1227 1863 1398 1916 consumet

274 1959 456 2038 profitentur
471 1966 503 2017 et
517 1966 641 2036 augent.
671 1959 806 2019 Victima
824 1967 989 2039 postquam
1003 1959 1146 2018 Jehovae
1166 1957 1317 2016 sacrificio
1336 1965 1396 2015 tra·

276 2060 341 2120 dita
361 2060 554 2120 offerentium
572 2059 653 2120 redit
673 2068 853 2120 consecrata
872 2061 905 2120 in
924 2080 1025 2133 usum,
1051 2081 1109 2140 quo
1130 2067 1162 2120 et
1177 2061 1306 2121 extremi
1327 2060 1397 2118 aevi

274 2159 420 2240 gaudium
427 2163 640 2242 praesensioni
650 2161 855 2241 profundatur
862 2161 1029 2242 pervitam,
1040 2171 1071 2222 et
1079 2181 1136 2222 eae
1147 2161 1315 2241 pingantur
1326 2161 1397 2220 reli-

275 2265 400 2342 giones,
418 2284 498 2343 quae
512 2264 535 2324 J
536 2263 654 2324 ehovae
669 2283 703 2323 se
719 2259 820 2342 gratia
834 2265 953 2324 vinctas
969 2272 1076 2324 tenent
1090 2272 1183 2344 atque
1201 2283 1260 2344 per
1278 2282 1397 2324 omnem

275 2366 375 2425 victus
400 2365 542 2425 duritiem
562 2375 592 2425 et
612 2366 802 2426 calamitates
824 2366 910 2426 beati
932 2367 1062 2444 gloriam
1084 2366 1233 2436 divinant.
1271 2365 1396 2428 Summa

274 2468 431 2527 felicitatis
447 2469 599 2528 terrestris
616 2469 720 2548 speeie
737 2467 776 2528 ad
793 2467 957 2531 coelestem
972 2467 1112 2528 evehitur
1127 2488 1274 2549 persona,
1292 2468 1397 2528 diuina

177 2559 180 2565 ¹
273 2569 356 2630 bona
384 2571 588 2651 corripiuntur
615 2570 768 2630 desiderio
797 2572 891 2630 castis
912 2570 1065 2644 manibus,
1095 2578 1221 2630 aeterna
1248 2571 1331 2629 salus
1359 2591 1396 2630 ac

274 2673 396 2751 requies
417 2671 535 2731 stillant
554 2673 585 2730 in
607 2670 788 2752 praecordia
809 2674 905 2732 sacris
925 2672 1056 2752 dapibus
1075 2681 1225 2732 recreata.
1258 2673 1306 2732 Eo
1326 2692 1395 2732 ver·
1457 2730 1474 2753 ,

275 2781 351 2850 gunt
365 2771 514 2846 horrores,
533 2774 642 2854 quibus
654 2775 773 2851 gratiae
788 2774 914 2834 divinae
927 2774 1056 2834 fulmina
1068 2775 1244 2855 percutiunt
1252 2783 1394 2834 mentem.

276 2873 457 2934 Celebratur
476 2876 519 2933 ita
535 2876 670 2954 gloriosa
685 2875 782 2934 sancti
797 2875 931 2934 numinis
946 2876 1110 2948 revelati0,
1132 2877 1219 2936 cuius
1240 2877 1328 2954 larga
1341 2875 1394 2936 bo-

274 2976 371 3064 nitate
387 2977 452 3035 vita
467 2985 592 3037 ornatur
607 2985 637 3036 et
651 2977 719 3057 ipso
736 2985 845 3036 ornatu
862 2976 920 3036 deo
933 2977 1103 3038 subiicitur.
1125 2977 1261 3038 Divinae
1274 2979 1394 3056 gratiae

274 3086 465 3138 sacramento
490 3087 679 3140 terrenarum
702 3099 818 3138 summa
845 3081 967 3158 species
995 3081 1164 3165 gratiarum
1185 3080 1333 3152 sancitur,
1361 3088 1396 3138 ut

273 3177 362 3238 homo
385 3200 446 3240 non
470 3188 562 3259 queat
583 3181 713 3259 pingere
734 3180 818 3240 beati
842 3201 879 3240 ac
900 3180 1022 3241 beantis
1042 3182 1175 3241 numinis
1197 3179 1393 3254 desiderium,

273 3280 347 3358 quin
367 3281 455 3339 festis
475 3280 597 3358 gaudiis
618 3281 788 3341 adscendet
808 3283 847 3342 ad
869 3283 935 3342 eius
956 3283 1177 3342 divinationem
1196 3301 1233 3340 ac
1246 3301 1394 3361 praesen·

273 3382 399 3441 sionem.
429 3383 525 3441 Exire
546 3382 623 3441 talia
640 3383 673 3441 in
689 3383 804 3460 gaudia
820 3391 943 3445 sanctos
960 3383 1093 3444 diximus
1108 3383 1258 3442 horrores.
1288 3384 1393 3442 Laeti-

272 3483 335 3542 tiae
351 3484 431 3542 enim
446 3502 508 3542 non
522 3483 615 3562 plane
631 3485 761 3564 pingunt
777 3507 905 3546 arcanos
925 3486 1015 3545 huius
1032 3486 1114 3545 vitae
1131 3485 1242 3548 fontes.
1272 3485 1309 3544 In
1324 3485 1393 3561 hor-

271 3604 339 3643 rore
359 3583 480 3663 semper
501 3585 605 3644 acerbi
625 3585 716 3666 quid,
741 3587 817 3647 dura
836 3588 914 3646 haec
929 3589 977 3646 vis
992 3586 1196 3663 religionibus
1213 3607 1292 3667 quae
1312 3589 1394 3646 inest

271 3686 381 3746 ritibus
397 3705 431 3744 se
448 3688 614 3765 expressit,
633 3687 741 3767 quibus
759 3689 869 3768 epulae
884 3696 1120 3767 praeparantur.
1151 3686 1236 3762 Quos
1254 3689 1392 3749 certami-

272 3807 346 3846 num
360 3789 487 3847 istorum
502 3809 564 3848 non
579 3789 659 3849 male
676 3788 791 3848 dixeris
807 3789 924 3867 sigilla,
949 3810 1077 3870 quorum
1091 3791 1124 3850 in
1138 3792 1290 3868 angustiis
1305 3811 1392 3852 mens

339 3969 360 4033 *l
375 3975 405 4020 cf.
418 3975 560 4034 Reimarus,
572 3974 641 4021 Dies.
655 3975 686 4022 de
699 3976 749 4034 lag.
762 3975 825 4022 Mos.
837 3991 863 4036 p.
876 3978 916 4024 27.

276 4123 281 4132 ἢ
322 4054 357 4117 **)
370 4073 394 4104 v.
407 4060 482 4119 plura
494 4074 534 4119 ap.
548 4059 679 4123 Gfroerer,
693 4061 738 4108 das
747 4061 925 4109 Jahrhuudert
936 4062 981 4109 des
989 4062 1064 4108 Heils
1073 4063 1106 4109 H.
1118 4078 1144 4123 p.
1153 4064 1258 4110 24634.
1272 4061 1392 4110 Ceterum

272 4141 338 4190 tales
351 4143 452 4191 fabulas
464 4158 513 4191 non
526 4145 602 4204 plane
620 4145 725 4196 insanae
742 4150 816 4194 natas
835 4147 996 4207 casamenti,
1014 4146 1074 4194 libri
1086 4148 1142 4196 lobi
1161 4149 1242 4195 exitus
1255 4152 1280 4195 te
1293 4149 1390 4205 doceat,

272 4226 397 4282 siquidem
407 4227 528 4274 immanes
538 4229 610 4290 istas,
624 4243 685 4288 quaa
698 4230 798 4289 cecinit,
812 4231 912 4278 belluas
923 4237 1007 4278 tutan:
1016 4235 1043 4278 et
1051 4221 1116 4300 'prob
1125 4233 1195 4281 alind
1205 4231 1265 4293 quid
1275 4237 1391 4293 spectare

271 4311 434 4373 cognoveris,
447 4316 522 4374 atque
534 4317 647 4360 monstra
660 4315 783 4376 quaedam
794 4316 962 4378 Aegyptiace.
1019 4351 1025 4357 -
