3434 5067
733 491 981 583 .”22-

309 681 371 719 101
393 665 560 720 vanescunt
582 659 650 717 aevi
671 666 830 718 momenta.
866 655 1001 730 Quorum
1021 677 1076 737 per
1098 656 1201 734 fugam
1224 659 1347 716 aeterna
1369 658 1433 716 vol·

309 768 421 820 vuntur
440 759 568 833 semina,
591 767 624 818 ut
644 768 715 819 tunc
735 758 853 819 demum
876 758 1008 816 radietur
1028 758 1161 817 coeleste
1174 758 1290 833 lumen,
1314 758 1434 839 quando

310 862 445 943 perfecta
466 862 497 920 in
520 881 552 920 11
575 881 721 920 summurn
743 861 782 920 ad
804 861 958 938 fastigium
982 860 1155 939 pervenerit
1182 879 1283 938 seges,
1315 860 1436 940 quando

312 983 415 1022 amara
429 943 528 1022 luctus
541 963 652 1041 poeula
666 963 786 1041 penitus
802 961 949 1020 exhausta
963 968 1103 1039 potantes
1118 961 1185 1040 ipsa
1199 961 1306 1019 salutis
1318 961 1436 1020 laetitia

312 1053 533 1124 inebriaverint.
560 1064 647 1122 Haeo
663 1063 733 1122 diva
748 1063 833 1121 istius
850 1063 1075 1121 consummatio.
1101 1062 1182 1120 Hine
1196 1062 1249 1120 vix
1263 1062 1355 1121 latius
1369 1082 1436 1141 pro-

312 1155 508 1244 grediendum
532 1165 601 1238 erit,
624 1172 658 1222 ut
678 1164 883 1240 intelligamus
904 1182 1011 1241 pacem
1033 1163 1159 1236 habere,
1182 1164 1296 1235 colere,
1319 1163 1437 1241 precari

311 1268 427 1326 vicinas
444 1286 510 1326 esse
525 1266 617 1325 verbo
632 1267 784 1338 notiones,
808 1265 921 1344 quippe
940 1265 971 1322 in
990 1265 1098 1345 quibus
1118 1264 1269 1342 completa
1285 1272 1437 1343 spectetur

313 1377 404 1449 atque
426 1369 565 1428 absoluta
583 1368 800 1447 paciscentium
814 1373 931 1424 natura.
961 1367 1069 1445 Itaque
1085 1356 1170 1450 ῦῆὸῥ
1190 1368 1208 1423 2
1225 1364 1379 1439 811120,
1396 1368 1435 1424 19

311 1471 472 1551 pacificum
491 1469 654 1547 significat,
673 1477 706 1527 et
724 1458 814 1555 ¹172de
833 1468 884 1526 Ps.
902 1472 930 1541 7,
947 1468 974 1526 5.
996 1467 1075 1526 idem
1091 1455 1288 1554 111011ηῆ51111
1304 1457 1436 1543 111111.

313 1574 367 1646 41,
385 1575 433 1632 10.
463 1573 534 1630 Non
553 1572 639 1649 quasi
658 1589 730 1629 vero
751 1589 789 1628 ex
808 1558 891 1653 1115ῑρ
910 1569 1028 1628 demum
1047 1569 1122 1626 talia
1135 1568 1301 1648 repetenda
1317 1570 1437 1627 fuerint.

315 1673 376 1734 Sed
391 1674 477 1732 salva
496 1680 587 1753 atque
607 1673 785 1730 intemerata
805 1691 871 1729 curn
890 1671 1011 1729 homine
1027 1669 1211 1730 consuetudo
1226 1670 1340 1729 homini
1353 1671 1438 1750 pacis

313 1795 387 1856 prae
403 1794 435 1833 se
449 1774 508 1833 fert
523 1782 554 1833 et
568 1774 696 1832 fructum
712 1781 743 1832 et
757 1772 857 1830 decue.
872 1807 916 1815 —
938 1772 1009 1830 Non
1024 1773 1086 1831 alia
1100 1773 1132 1830 in
1145 1773 1214 1832 Piel
1228 1773 1359 1830 notionis
1375 1791 1436 1830 sca·

314 1877 376 1938 lam
391 1876 606 1935 circumscribit
625 1876 715 1947 ratio,
738 1875 796 1932 nisi
811 1874 892 1954 quod
910 1874 1064 1954 peculiare
1084 1873 1172 1932 huius
1192 1874 1307 1934 formae
1320 1874 1438 1954 pondus

233 1987 236 1998 '
315 1979 471 2038 adseritur.
506 1978 646 2056 Namque
670 1966 742 2054 nb&
765 1977 914 2052 integrum
934 1977 1121 2056 constituere¹
1136 1983 1183 2034 est
1203 1979 1217 2033 1
1239 1976 1315 2053 Reg.
1332 1978 1365 2049 9,
1387 1977 1437 2049 25,

314 2081 366 2139 vel
382 2099 504 2138 servare
519 2079 542 2138 J
543 2079 590 2138 ob.
606 2082 635 2152 8,
652 2081 680 2137 6.
711 2077 801 2152 Quod
820 2078 881 2135 iarn
901 2077 1050 2156 spirituali
1070 2097 1138 2137 cum
1158 2077 1285 2136 audacia
1300 2076 1339 2136 ad
1353 2078 1437 2137 resti-

308 2183 462 2257 tutionem
482 2180 599 2240 tollitur
618 2180 728 2258 sumpti
746 2181 804 2240 Ex.
821 2181 876 2253 21,
896 2181 950 2251 36,
974 2178 1068 2237 debiti
1091 2178 1142 2236 Ps.
1159 2180 1209 2252 37,
1225 2182 1279 2252 21,
1303 2179 1437 2265 votilPs.

316 2285 436 2357 50,14,
458 2281 646 2340 sacrificandi
661 2282 736 2339 Hos.
754 2281 802 2353 14,
819 2282 847 2338 3.
878 2280 992 2339 Verum
1012 2299 1104 2358 quum
1124 2299 1186 2337 non
1201 2299 1320 2359 semper
1334 2279 1440 2339 eadem

213 2405 216 2409 ·
316 2385 435 2444 restitui
450 2390 573 2464 queant,
594 2382 695 2462 potius
710 2382 951 2440 remuneratione
967 2381 1028 2439 alia
1043 2401 1110 2438 curn
1125 2381 1193 2439 aliis
1210 2389 1439 2454 commutantur,

316 2485 402 2545 velut
421 2485 523 2544 divina
543 2483 619 2543 ultio
638 2483 770 2562 humana
790 2504 856 2541 cum
876 2482 992 2541 malitia
1010 2481 1062 2540 Ps.
1079 2484 1133 2556 62,
1156 2486 1203 2542 13.
1231 2484 1254 2543 J
1256 2504 1295 2542 er.
1312 2484 1368 2557 50,
1389 2484 1439 2556 29,

317 2586 464 2646 beneficia
486 2606 553 2646 cum
578 2585 703 2662 ingratis
726 2585 864 2644 sordibus
887 2584 964 2645 Gen.
985 2586 1040 2658 44,
1061 2585 1094 2657 4,
1118 2584 1255 2644 interitus
1279 2605 1347 2644 cum
1370 2584 1440 2643 odio

316 2689 408 2747 Deut.
425 2690 479 2760 32,
500 2689 554 2760 41,
577 2686 707 2745 felicitas
728 2707 795 2745 cum
815 2687 911 2765 proba
934 2687 1111 2745 castimonia
1129 2687 1220 2745 Prov.
1244 2689 1297 2759 13,
1319 2687 1369 2743 21.
1404 2686 1441 2743 In

317 2788 516 2848 his‘omnibus
533 2807 610 2868 quae
625 2789 775 2866 utrimque
790 2788 930 2846 absoluta
945 2808 980 2845 ac
994 2787 1130 2867 perfecta
1151 2795 1220 2846 sunt
1238 2788 1281 2846 ita
1296 2787 1354 2846 sibi
1369 2787 1440 2846 obii-

319 2890 448 2962 ciuntur,
469 2894 503 2946 ut
518 2888 678 2946 absolvant
693 2908 793 2946 rursus
810 2907 845 2946 ac
858 2889 1017 2967 perficiant
1031 2889 1063 2947 in
1080 2889 1169 2948 rebus
1189 2890 1262 2970 ipsis
1282 2908 1361 2969 quae
1383 2889 1441 2946 sita

320 2990 501 3050 discrimina.
531 2988 620 3063 Quod
636 2989 800 3048 clarissime
814 2989 919 3049 videre
934 2998 980 3050 est
995 3011 1034 3050 ex
1043 2998 1124 3072 part.
1139 3012 1220 3071 pass.
1236 2982 1344 3084 nbtjtq,
1361 2989 1441 3070 quod

728 3089 743 3127 ὓ
767 3101 779 3126 o
802 3098 812 3126 a

318 3124 445 3206 perinde
465 3133 557 3204 atque
572 3124 706 3184 Arabum
727 3113 828 3232 ,dnos
845 3125 997 3185 hominem
1011 3127 1125 3184 indicat
1139 3128 1257 3203 integra
1271 3132 1361 3203 atque
1375 3145 1441 3202 per-

262 3269 264 3274 '
320 3260 400 3318 fecta
415 3259 560 3336 religione
577 3259 633 3319 deo
650 3261 791 3332 dicatum,
806 3261 872 3320 1111.
888 3263 938 3334 42,
957 3262 1005 3334 19,
1021 3260 1194 3319 dediticium
1204 3259 1242 3337 ²¹²).
1276 3258 1442 3337 Copulatur

321 3362 400 3420 enim
418 3380 479 3418 non
498 3360 620 3419 fortuito
641 3382 707 3420 curn
726 3362 780 3420 illo
802 3357 925 3426 ’11Ὧὶ
957 3361 1171 3420 Consummata
1190 3380 1227 3418 ea
1245 3368 1361 3419 tantum
1381 3382 1440 3420 ser-

321 3462 413 3536 vitur,
430 3462 477 3519 cui
492 3462 577 3520 nulla
592 3464 744 3538 molestia,
765 3463 852 3522 nulla
868 3463 1069 3522 obstinatione
1083 3461 1219 3520 turbatur
1233 3463 1399 3540 integritas.

406 3563 449 3621 At
471 3570 657 3623 revertamur
678 3586 758 3624 nunc
786 3564 825 3623 ad
850 3565 1036 3644 propositum
1059 3563 1146 3621 nobis
1170 3554 1246 3650 nbttg'.
1289 3564 1381 3624 Ouius
1409 3573 1443 3624 ut

321 3664 397 3722 imas
412 3665 490 3723 inter
506 3685 580 3724 saxa
595 3674 760 3725 scrutemur
774 3684 883 3738 venas,
903 3664 1034 3722 notionis
1049 3665 1081 3723 in
1095 3665 1188 3724 verbo
1204 3666 1349 3726 dilatatae
1364 3687 1441 3726 oom-

321 3764 444 3844 ploxum
464 3786 588 3826 necesse
608 3768 663 3826 erit
680 3785 869 3846 prensemus,
893 3772 927 3824 ut
945 3767 1058 3824 nomini
1077 3766 1186 3844 figatur
1204 3769 1354 3846 integritas
1369 3791 1442 3828 com-

322 3895 524 3908 fi-——ss

372 3960 395 4026 ⁴⁵)
417 3967 505 4014 Herm.
523 3967 671 4027 Muntinghe
689 3969 716 4014 in
732 3969 842 4014 Dissert.
865 3969 928 4030 phil.
946 3970 1003 4017 crit.
1023 3969 1056 4015 ad
1073 3969 1197 4028 quaedam
1215 3971 1271 4018 Vet.
1291 3971 1359 4017 Test.
1378 3972 1442 4018 loca.

324 4051 537 4111 Groning.1175.
556 4044 664 4115 (Syllog.
678 4053 780 4100 dissert.
797 4053 881 4114 Lugd.
893 4055 927 4101 11.
943 4070 969 4116 p.
984 4056 1047 4101 1179
1060 4047 1126 4119 sqq.)
1142 4055 1207 4101 bene
1225 4055 1326 4114 quidem
1343 4060 1441 4103 senten-

210 4196 217 4209 ,
324 4152 387 4198 tiam
395 4153 465 4198 vocis
472 4167 501 4198 ex
507 4151 550 4198 111.
563 4133 637 4250 μ,
648 4154 754 4202 IVeoni.
765 4159 790 4202 et
800 4155 856 4216 Syr.
863 4155 928 4216 Apln
937 4155 1011 4202 verbi
1020 4139 1110 4209 Ἄδα
1119 4154 1207 4203 elicuit
1213 4156 1337 4204 dediticii.
1347 4158 1442 4203 Tamen

323 4251 436 4308 neglexit
454 4266 590 4311 exponere,
612 4267 662 4310 qua
680 4254 710 4301 de
727 4269 804 4303 causa
822 4257 876 4303 eius
892 4272 983 4304 nornen
1000 4259 1112 4318 potuerit
1129 4259 1226 4316 omitti,
1249 4259 1289 4304 cui
1307 4271 1396 4303 servus
1415 4271 1442 4304 se

326 4333 460 4379 dediderit.
483 4334 522 4380 Ea
534 4339 585 4395 est,
598 4338 715 4394 quoniam
722 4337 800 4396 pleno
810 4341 920 4388 hominis
931 4341 1029 4391 deditio
1040 4357 1090 4390 non
1101 4344 1184 4402 valet,
1197 4343 1248 4390 nisi
1260 4335 1308 4389 deo
1320 4341 1396 4387 taeta.
