3434 5067
752 486 966 543 „30-

299 653 431 732 singulas
455 654 637 714 constituant
660 654 783 732 species.
820 653 872 712 Ps.
892 653 948 727 56,
972 655 1021 712 13.
1048 654 1103 727 50,
1124 654 1174 712 14.
1202 654 1347 727 116,17.
1369 655 1419 713 18.

300 757 412 818 Gratiis
426 756 482 814 niti
496 754 669 833 generalem
688 755 827 829 formam,
847 775 930 835 ,quac
948 755 981 812 in
999 754 1089 814 rebus
1108 755 1242 833 angustis
1261 762 1353 835 atque
1368 754 1418 813 ad-

298 859 393 917 versis
417 864 489 916 vota
511 855 668 936 protrudat
696 864 726 915 et
749 855 921 917 voluntaria
944 857 1047 934 exigat
1069 857 1134 916 sine
1153 856 1209 914 tali
1228 857 1418 918 necessitate.

300 958 362 1018 Sed
376 959 487 1039 triplex
502 958 700 1022 caerimoniae
714 957 831 1017 indoles
846 958 921 1017 Lev.
939 963 966 1032 7,
984 960 1023 1016 12
1039 978 1104 1038 sqq.
1119 958 1229 1016 clarius
1243 966 1349 1018 notata
1364 965 1419 1032 est,

300 1080 390 1140 quam
410 1079 487 1140 quae
506 1061 611 1118 merito
625 1059 712 1119 nobis
728 1059 913 1137 negligatur,
933 1067 964 1120 et
977 1059 1144 1139 praefixum
1159 1059 1221 1136 legi
1235 1079 1264 1118 v.
1282 1062 1330 1118 16.
1346 1067 1418 1132 usi,

300 1161 382 1242 quod
402 1163 494 1242 priori
518 1168 565 1224 nti
583 1182 612 1220 v.
630 1164 678 1221 12.
698 1159 873 1239 respondet,
896 1181 957 1220 non
979 1161 1149 1241 suppositus
1168 1160 1298 1220 intendit
1315 1161 1420 1238 generi

301 1264 429 1342 species,
456 1262 509 1322 sed
537 1261 680 1342 aequales
708 1261 765 1321 sibi
790 1263 879 1322 unius
906 1264 1038 1342 corporis
1063 1270 1173 1341 partes.
1210 1262 1318 1342 Aeque
1341 1261 1419 1322 falso

299 1365 431 1425 Rabbini
440 1365 468 1442 ³¹⁶)
484 1365 515 1422 in
530 1363 658 1424 delendo
673 1365 827 1443 praecepti
842 1363 1012 1422 discrimine
1024 1372 1196 1443 operantur,
1212 1364 1263 1443 qui
1278 1371 1308 1422 et
1322 1367 1376 1428 't'tl
1391 1371 1422 1423 et

301 1471 382 1530 ffl'tl
397 1465 435 1524 ad
450 1474 522 1526 vota
537 1465 761 1524 transtulerunt.
785 1466 865 1524 Nam
880 1465 1017 1525 distinxit
1030 1465 1151 1546 quidem
1163 1485 1199 1524 ea
1211 1465 1419 1537 MaimonideS,

301 1576 335 1626 ut
349 1568 374 1626 ei
390 1568 456 1647 quis
472 1557 526 1630 1511
542 1567 634 1641 dicat,
654 1576 757 1626 sancte
776 1569 808 1626 in
823 1567 1011 1646 marsupio,
1034 1572 1088 1631 *ru
1106 1573 1230 1640 voveat,
1252 1568 1298 1625 sin
1318 1575 1421 1625 autem

301 1674 342 1743 u,
361 1668 419 1727 hoc
434 1669 490 1729 deo
506 1689 623 1730 sacrum
638 1678 696 1743 est,
716 1675 805 1734 t'ffil.
836 1671 879 1728 Et
895 1669 935 1727 Is.
952 1669 1129 1729 Abarbanel
1149 1667 1326 1727 sacrificium
1344 1667 1421 1726 voti·

301 1791 372 1833 vum
387 1771 454 1830 vult
468 1790 533 1830 esse
549 1791 665 1830 sacrum
679 1771 845 1848 generatim
859 1778 1076 1850 nuncupatum,
1092 1771 1308 1844 voluntarium,
1330 1789 1421 1848 quum
1452 1794 1457 1810 =

304 1872 370 1952 quis
391 1880 503 1932 certum
523 1872 675 1953 quoddam
698 1893 764 1932 sese
783 1873 1005 1932 immolaturum
1025 1892 1092 1932 esse
1105 1873 1285 1952 polliceatur
1300 1870 1420 1929 animal.

302 1972 389 2048 Quae
398 1975 503 2052 quavis
512 1982 613 2034 carent
621 1974 766 2034 Leviticis
779 1975 811 2034 in
824 1975 967 2033 institutis
976 1993 1050 2032 ansa
1058 1983 1088 2033 et
1094 1974 1167 2054 ipsis
1181 1994 1289 2032 vocum
1304 1981 1421 2032 senten-

301 2076 351 2134 tiis
363 2075 539 2136 refutantur.
563 2077 767 2154 Ignorantiam
781 2076 872 2153 igitur
883 2096 922 2134 ne
934 2075 995 2134 fixa
1004 2076 1125 2156 quidem
1138 2075 1306 2135 traditionis
1317 2095 1423 2132 norma

302 2177 446 2236 vicerunt.
468 2213 511 2222 —-
537 2177 709 2256 Simplicior
728 2177 814 2240 nobis
834 2179 924 2237 trium
945 2179 1111 2257 specierum
1132 2177 1264 2236 evolutio
1284 2197 1323 2236 ex
1341 2176 1423 2235 felici

304 2280 417 2338 eruitur
431 2279 536 2350 salutis
552 2299 650 2339 sensu.
679 2279 770 2339 Vicae
787 2280 866 2338 enim
881 2287 1037 2339 terrestres
1052 2280 1148 2361 ipsam
1162 2280 1315 2356 attingunt
1328 2278 1423 2337 divini

303 2381 432 2440 numinis
446 2383 582 2458 gratiam.
606 2381 697 2440 Modo
712 2381 843 2440 cernitur
857 2388 950 2460 atque
964 2382 1049 2459 largo
1063 2389 1212 2461 proventu
1226 2401 1281 2460 per
1294 2380 1423 2438 hominis

303 2483 397 2542 vitam
416 2482 639 2557 disseminatur,
660 2481 748 2540 modo
770 2483 905 2559 angustis
925 2491 1016 2563 atque
1035 2483 1155 2542 caducis
1169 2483 1288 2542 velatur
1307 2482 1423 2541 telluris

303 2585 389 2644 velis.
418 2585 499 2644 Hinc
519 2583 577 2643 duo
597 2592 760 2644 nascuntur
779 2583 887 2663 quibus
906 2585 1069 2663 percipitur
1088 2584 1183 2644 initia.
1211 2585 1352 2663 Namque
1367 2584 1423 2642 lar-

303 2686 384 2762 gitur
404 2706 485 2744 nunc
505 2686 648 2746 Jehovah
671 2685 816 2744 auxilium
839 2692 869 2744 et
891 2686 1039 2746 beneficia
1061 2686 1145 2765 inopi
1168 2693 1314 2744 terrarum
1332 2686 1424 2763 genti.

304 2789 427 2847 Miseria
441 2807 585 2867 oppressa
600 2808 635 2846 ac
651 2787 822 2846 calamitate
833 2808 940 2848 vocem
954 2786 1109 2847 exaudivit
1120 2788 1295 2847 coelestem:
1310 2788 1425 2846 Invoca

305 2909 354 2949 me
366 2890 399 2970 in
415 2889 463 2950 die
479 2879 645 2968 angustiae,
660 2889 794 2950 liberabo
809 2897 848 2963 te,
865 2897 895 2948 et
909 2909 957 2948 me
973 2890 1054 2948 coles
1068 2890 1118 2949 Ps.
1135 2890 1185 2965 60,
1204 2894 1251 2949 14.
1281 2892 1322 2948 Et
1335 2889 1426 2948 beata

306 2991 432 3051 clamat:
461 2992 648 3051 Deliciarum
672 2998 834 3050 torrentem
854 2990 1017 3051 bibendum
1042 2991 1195 3051 hominum
1214 2992 1340 3070 praebes
1356 2990 1426 3048 filiis

304 3091 356 3150 Ps.
373 3095 428 3167 36,
445 3094 473 3153 9.
502 3092 563 3152 Ubi
584 3093 689 3170 religio
708 3093 754 3152 his
774 3094 907 3170 auguriis
925 3093 1053 3170 gravida
1068 3093 1206 3153 evehitur
1219 3092 1258 3150 ad
1272 3091 1426 3149 felicitatis

305 3193 429 3268 fontem,
444 3194 486 3254 ibi
501 3195 534 3252 in
546 3195 690 3255 altaribus
703 3196 807 3254 sternit
818 3195 1045 3274 professionem,
1061 3194 1300 3264 celebrationem,
1315 3197 1426 3268 grates,

307 3295 427 3371 laudes,
443 3286 767 3362 manutentionem
783 3302 851 3360 ΠΞΤ.
881 3295 970 3370 Quod
983 3296 1095 3356 Philon
1109 3296 1169 3354 iam
1183 3293 1346 3375 perspexit.
1373 3292 1428 3352 Ait

307 3396 346 3457 de
360 3399 430 3458 vict.
445 3420 475 3477 p.
492 3399 550 3458 651
569 3419 651 3480 sqq:
675 3402 728 3478 τῆς
750 3395 782 3458 di
796 3396 949 3477 σωτηρίου
964 3397 1077 3466 θυσίας
1098 3395 1130 3456 ἐν
1149 3392 1218 3456 εἴδω
1237 3388 1427 3476 περιλαμβά-

307 3521 388 3560 νεται
404 3493 422 3580 ἡ
439 3497 582 3580 λεγομένη
603 3503 656 3579 τῆς
672 3497 826 3576 αἰνέσεως,
848 3494 928 3577 ἥτις
943 3494 1033 3579 λόγον
1048 3492 1105 3576 ἔχει
1120 3491 1254 3558 τοιόνδε·
1277 3494 1376 3557 οὐδενὶ
1392 3491 1428 3556 τὸ

307 3594 454 3682 παράπαν
471 3598 636 3683 ἀβουλήτῳ
652 3597 829 3680 περιπεσών,
845 3596 921 3678 μήτε
936 3595 1016 3660 κατὰ
1032 3602 1132 3680 σῶμα,
1147 3593 1223 3679 μήτε
1239 3595 1318 3661 κατὰ
1334 3593 1428 3670 ἐκτὸς,

307 3700 371 3764 ἀλλ’
388 3698 535 3786 ἄπολέμῳ
554 3703 604 3764 καὶ
625 3702 766 3783 εἷρηναίῳ
781 3701 840 3780 βίῳ
853 3695 1025 3780 χρώμενος,
1050 3701 1081 3762 ἐν
1101 3700 1252 3786 εὐπαθείᾳ
1265 3723 1297 3762 τε
1313 3699 1363 3761 καλ
1379 3697 1429 3760 αλ-

308 3804 425 3884 τυχίαις
446 3799 667 3883 ἐξεταζόμενος,
692 3797 824 3882 ἀπήμων
846 3802 897 3863 καὶ
916 3798 1085 3876 ἄπταιστος
1104 3798 1159 3874 ὢν,
1185 3803 1234 3864 καὶ
1256 3800 1290 3865 τὸ
1309 3799 1431 3884 μακρὰν

308 3910 365 3967 τοῦ
383 3906 454 3984 βίον
475 3905 605 3986 πέλαγος
621 3899 773 3985 εὐθύνων,
795 3905 827 3966 ἐν
843 3902 929 3990 εὐδίᾳ
944 3903 996 3965 καὶ
1009 3899 1127 3986 γαλήνῃ
1142 3901 1347 3986 πραγμάτων,
1369 3901 1429 3964 ἔπν-

309 4005 458 4088 πνεούσης
473 4007 535 4070 κατ’
555 4002 670 4070 οἰάκων
685 4003 858 4090 εὐπραγίας,
877 4005 1046 4090 ἀναγκαίως
1058 4004 1169 4088 ὀφείλει
1179 4004 1232 4067 τὸν
1242 4002 1430 4088 κυβερνήτην

309 4107 393 4192 θεὸν,
410 4113 460 4172 καὶ
476 4107 589 4171 ἄνοσον
603 4105 658 4186 μὲν
674 4109 834 4191 σωτηρίαν,
851 4107 998 4190 ἀζημίους
1012 4107 1045 4170 δὲ
1059 4105 1216 4191 ὠφελείας,
1232 4109 1281 4169 καὶ
1297 4101 1432 4180 συνόλως

317 4256 360 4264 ..-

361 4323 657 4400 *)v.0utrum.p.109.
725 4321 729 4329 ¹
