3434 5067
754 485 965 542 ..16-

302 657 334 715 11
354 657 444 717 rebus
465 654 547 714 haud
568 653 704 714 obscura.
743 653 872 732 Saepius
894 653 925 711 in
946 651 1072 711 historia
1094 651 1261 729 exiguntur.
1296 651 1419 711 Eximio

260 825 264 840 ἱ
301 759 325 818 J
326 759 412 820 acobi
428 758 503 819 Gen.
520 758 574 836 28,
590 757 631 814 20
654 762 792 835 prostant
806 762 835 814 et
852 754 1002 813 Samuelis
1022 753 1162 833 exempla
1180 757 1208 812 1.
1225 752 1306 812 Sam.
1322 754 1351 826 1,
1368 752 1417 811 11.
1498 813 1501 818 ,

301 861 420 937 Religio
437 877 539 918 corum
554 857 742 916 sanctissima
755 855 866 914 Kohel.
881 854 915 930 “5,
930 858 959 915 3.
968 857 997 913 4.
1011 855 1062 914 Ps.
1073 857 1142 929 116,
1152 858 1201 915 18.
1222 854 1274 915 Ad
1288 861 1419 913 mentem

301 961 473 1041 pertinebat
487 959 596 1018 arctius
612 957 651 1017 ad
658 957 681 1017 J
683 957 797 1017 chorae
809 977 907 1017 rerum
918 957 1154 1034 gubernaculum
1166 955 1419 1034 adstringendum,

303 1062 384 1143 quod
404 1062 521 1120 victrici
542 1067 697 1139 potestate
717 1059 781 1117 fata
803 1057 894 1117 ducit.
922 1056 996 1117 Ideo
1014 1059 1106 1117 Dent.
1123 1060 1172 1132 23,
1188 1060 1238 1116 22.
1259 1059 1350 1116 Num.
1367 1058 1418 1130 30,

304 1165 322 1222 3
339 1183 404 1242 sqq.
421 1163 509 1222 certis
524 1161 642 1240 legibus
658 1161 813 1219 ordinatur
828 1179 864 1218 ac
878 1160 1019 1218 sancitur.
1050 1142 1420 1218 Dirissimamtntervota

303 1265 433 1345 speciem
453 1261 615 1323 sacerrima
629 1247 843 1331 exsecrationis
861 1260 1021 1341 perhibent
1041 1261 1107 1319 iura
1124 1262 1215 1319 Num.
1231 1262 1286 1333 21,
1303 1262 1335 1333 2,
1358 1277 1419 1337 qua

303 1367 430 1445 quinon
445 1365 608 1423 voluntarii
622 1363 661 1422 ad
675 1363 699 1422 J
701 1363 816 1422 chorae
832 1370 1019 1422 sacramenta
1035 1369 1253 1439 convenerunt,
1273 1368 1338 1419 atra
1352 1379 1418 1439 per·

302 1465 771 1526 1111111111111111111111111
788 1465 934 1543 compulsi
948 1472 1018 1522 sunt
1025 1463 1064 1543 *).
1095 1463 1152 1522 His
1172 1464 1232 1521 iam
1250 1463 1329 1521 votis
1348 1459 1421 1541 quid

305 1576 350 1629 est
365 1588 432 1626 cum
448 1566 661 1626 sacrificalibus
675 1565 778 1644 rogis?
799 1567 914 1625 Poetae
930 1565 1078 1624 solvenda
1092 1565 1217 1623 strictim
1232 1584 1299 1623 cum
1314 1561 1420 1621 hostiis

304 1671 482 1749 copulantur
495 1669 747 1742 Ps.66,13-15.
769 1667 894 1746 Duplex
907 1668 998 1745 igitur
1011 1667 1200 1744 cogitationis
1213 1667 1263 1724 hic
1276 1665 1335 1724 via.
1359 1663 1422 1722 Aut

304 1771 450 1831 sacrificia
461 1777 600 1849 poterant
610 1769 716 1827 voveri
726 1769 874 1842 facienda,
891 1776 1034 1847 exoptata
1044 1776 1205 1848 postquam
1217 1767 1290 1826 deus
1303 1783 1421 1824 conces-

304 1873 376 1932 serit
383 1870 540 1946 desiderio,
556 1883 607 1929 aut
620 1871 739 1929 omnino
748 1870 906 1944 immolari,
918 1871 945 1929 si
953 1868 1073 1928 felicem
1083 1869 1235 1949 quendam
1241 1876 1346 1927 auctor
1354 1887 1421 1926 con-

294 1974 385 2053 ·cepit
396 1973 472 2031 alius
485 1974 550 2031 voti
557 1979 707 2032 eventum.
722 1972 810 2031 Prius
819 1972 948 2050 spectari
960 1973 991 2029 in
1002 1971 1119 2048 legibus
1127 1971 1202 2031 Lev.
1211 1973 1261 2045 22,
1270 1973 1309 2028 21
1318 1969 1422 2028 videre
1466 2014 1470 2029 .

306 2082 364 2148 est,
379 2073 431 2133 ubi
446 2074 592 2133 sacrificia
606 2074 630 2133 J
631 2073 747 2134 chorae
762 2073 960 2133 obmoventur
974 2071 1013 2132 ad
1026 2072 1228 2152 persolvenda
1241 2080 1314 2130 vota
1329 2059 1422 2152 [85115

222 2257 224 2262 Ι
304 2171 380 2255 W}
401 2175 554 2235 Debemus
567 2195 638 2254 ergo
651 2175 802 2234 hominem
814 2174 901 2234 nobis
914 2175 1036 2252 fingere,
1051 2176 1104 2256 qui
1113 2182 1147 2233 ut
1155 2175 1321 2254 impetriret
1328 2172 1423 2232 divini

306 2277 378 2357 quid
392 2277 521 2335 hostiam
536 2276 648 2336 dicavit
662 2275 821 2351 litandam,
842 2277 962 2356 quando
982 2276 1063 2357 quod
1081 2276 1222 2356 cupiebat
1239 2275 1422 2355 impetritum
1486 2310 1489 2314 -

305 2379 404 2440 fucrit.
426 2380 492 2437 Iam
507 2377 597 2438 divae
612 2379 728 2454 gratiae
743 2377 904 2437 ditissimas
920 2379 1076 2457 amplexus
1092 2386 1138 2438 est
1153 2397 1235 2457 opes.
1258 2374 1422 2450 Quomodo

307 2500 398 2560 quam
411 2479 548 2559 promisit
561 2480 618 2538 rite
633 2479 733 2538 solvat
746 2479 889 2554 hostiam,
906 2481 999 2540 Mosis
1013 2488 1174 2560 praecepto
1190 2479 1338 2538 statuitur.

392 2579 520 2642 Accedit
533 2581 736 2639 voluntarium
748 2581 934 2640 sacrificium
951 2580 1203 2661 Quandoquidem
1211 2601 1277 2639 cum
1285 2579 1338 2638 illo
1347 2577 1425 2636 solet

308 2684 460 2762 componi,
489 2681 647 2740 discrimen
671 2702 729 2762 quo
752 2684 906 2742 variantur
927 2685 959 2742 in
978 2684 1052 2762 ipsis
1076 2683 1200 2742 haereat
1221 2699 1345 2740 necesse
1368 2686 1423 2737 est

309 2783 343 2843 si
357 2783 430 2864 quid
444 2783 585 2842 devotum
600 2784 752 2859 deborae,
774 2785 962 2844 necessitatis
982 2792 1090 2843 catena
1108 2783 1235 2841 trahitur
1255 2781 1440 2840 11111111.-

307 2885 345 2944 Id
359 2893 475 2944 tantum
490 2888 684 2944 colomarium
699 2894 752 2960 est,
769 2886 852 2962 cujus
867 2907 928 2944 non
943 2894 989 2944 est
1003 2885 1149 2959 stimulus,
1164 2885 1223 2942 nisi
1237 2883 1351 2964 proprii
1364 2901 1425 2940 mo·

308 2995 366 3062 tus,
378 2987 553 3046 liberalitas.
587 2987 683 3046 Recte
704 2988 795 3066 igitur
817 2986 983 3068 seh011**)
1006 2988 1112 3051 arcuit,
1123 2985 1161 3047 ab
1183 2986 1360 3045 voluntariis
1379 2984 1426 3042 his

309 3089 401 3148 saeris
423 3087 498 3147 adeo
514 3087 660 3147 beneficia
675 3088 817 3148 divinitus
838 3090 961 3164 tributa,
984 3111 1023 3150 ne
1037 3097 1124 3166 grata
1137 3088 1243 3147 horum
1257 3105 1426 3146 remunera-

308 3192 350 3249 tio
366 3190 458 3249 alieni
472 3189 635 3270 quidquam
648 3191 828 3251 immisceret
841 3191 1050 3251 verecundiae.
1079 3191 1128 3249 Ita
1142 3209 1175 3247 re
1188 3208 1262 3247 vera
1275 3185 1427 3266 peculiare

309 3292 367 3351 sibi
380 3293 594 3380 nanciscuntur
609 3293 783 3371 auspicium.
813 3291 912 3366 Quale
926 3293 1050 3372 reliquis
1065 3289 1225 3349 adversum
1239 3288 1307 3348 esti>
1332 3288 1356 3347 J
1357 3287 1425 3346 eho-

309 3413 367 3453 vac
391 3394 416 3452 si
441 3393 481 3452 ad
503 3393 697 3452 cumulandas
724 3392 830 3453 laudes
858 3391 1017 3470 magnifice
1041 3391 1122 3450 facta
1144 3397 1285 3463 evocant,
1318 3388 1425 3468 quibus

311 3494 525 3555 celebrantium
539 3495 714 3574 praecordio
728 3495 815 3554 modo
831 3495 922 3554 beata
936 3501 1018 3569 sunt,
1041 3495 1066 3551 si
1084 3493 1222 3551 humanis
1242 3488 1426 3569 respondens

310 3598 389 3656 rotis
405 3599 546 3676 exposcit
554 3597 610 3656 sibi
624 3617 735 3656 numen
751 3597 865 3655 dicatos
879 3597 1021 3668 honores,
1040 3593 1167 3672 gravida
1186 3592 1310 3652 coelesti
1328 3611 1427 3650 rerum

311 3697 523 3758 moderationis
538 3699 658 3758 flamine
670 3698 776 3774 religio
788 3697 946 3777 prodigam
959 3697 1077 3755 animae
1089 3696 1211 3755 enititur
1220 3694 1427 3765 substantiam,

227 3805 228 3810 ’
313 3821 390 3881 quae
411 3801 555 3880 quidquid
574 3800 699 3859 coelitus
719 3799 852 3857 radiatur
870 3799 1003 3876 gratioso
1023 3798 1073 3857 dei
1093 3817 1132 3856 ex
1149 3805 1224 3855 nutu
1244 3796 1334 3855 sentit
1349 3815 1427 3854 ema-

311 3923 394 3962 nare.
423 3903 477 3962 Uti
492 3922 558 3961 cum
573 3903 704 3962 maxima
724 3901 865 3978 largitate
883 3900 985 3978 fruges
1003 3899 1103 3959 fundit
1121 3900 1188 3979 ipsa
1201 3897 1341 3957 Jehovac
1357 3915 1427 3976 opu-

381 4153 407 4218 *l
417 4157 553 4206 Recentior
564 4156 611 4206 illa
624 4154 776 4218 exsecratio,
794 4156 866 4206 cuius
881 4156 940 4205 Est.
953 4158 993 4218 10,
1007 4157 1031 4205 8.
1042 4154 1193 4218 vestigium,
1212 4154 1289 4216 plane
1309 4152 1431 4201 abhorret

314 4245 347 4294 ab
359 4245 407 4290 hac
418 4243 511 4304 prisce.

359 4319 406 4392 rer)
419 4329 437 4375 1.
449 4329 467 4374 1.
479 4342 505 4388 p.
519 4327 576 4372 111.
