3434 5067
788 537 1000 597 „35-

421 701 452 786 2)
473 709 564 789 zuph
582 695 622 770 55
638 711 707 770 rnre
727 696 816 769 :bitti
834 695 885 780 Β),
910 706 1007 766 omnis
1031 705 1143 790 adeps,
1169 707 1221 788 qui
1240 714 1288 768 est
1303 725 1397 790 super
1410 709 1455 768 in-

469 810 601 868 testinis.

421 908 452 989 3)
469 900 586 974 urrisu
600 916 680 983 trin,
697 909 757 970 duo
773 930 873 970 renes.

420 1006 454 1097 4)
472 1003 595 1076 &50:1³1
609 1001 649 1077 b?
664 1019 735 1076 unu
751 1001 841 1095 inibi
857 1019 928 1076 tute
943 1002 1041 1087 ninii,
1058 1013 1156 1094 adeps
1173 1013 1225 1094 qui
1238 1014 1454 1095 estsuperillis

470 1134 561 1196 super
576 1114 817 1195 hypochondriis
829 1114 870 1194 ²⁸)

419 1215 450 1295 5)
466 1222 554 1283 *nnn
572 1207 612 1280 55
630 1223 756 1290 nmen,
781 1225 917 1297 septum
938 1215 1021 1296 quod
1037 1225 1083 1276 est
1099 1237 1193 1297 super
1211 1218 1327 1291 iecore,
1350 1217 1454 1279 fibrae.

469 1317 602 1392 Quibus,
618 1319 767 1378 nonnulla
782 1319 890 1378 ovium-
900 1338 1018 1396 genera
1032 1320 1058 1378 si
1073 1328 1259 1392 mactantur,
1276 1319 1398 1378 accedit

419 1420 454 1500 6)
466 1410 548 1484 urbs
565 1420 664 1480 cauda
678 1422 811 1501 pinguis,
829 1421 913 1480 etita
924 1420 1058 1500 quidem,
1074 1430 1108 1480 ut
1121 1428 1240 1484 ΓΙὯἾὮΠ
1256 1422 1304 1493 sit,
1321 1423 1451 1500 integre,

468 1531 533 1582 tota
548 1543 566 1582 e
580 1524 708 1600 regione
725 1507 834 1603 spinae
850 1521 933 1581 dorsi
950 1523 988 1582 de
1004 1532 1127 1601 tergore
1143 1522 1352 1602 abscissa**).

417 1625 455 1684 In
471 1624 610 1684 omnibus
627 1643 705 1704 quae
722 1625 867 1683 sternitur
874 1624 898 1683 J
900 1624 1017 1684 ehovae
1027 1627 1177 1704 pinguedo
1193 1635 1249 1684 est.
1271 1624 1456 1685 Iudaeorum

334 1726 548 1786 consuetudini
561 1726 770 1806 appellatione
785 1716 849 1788 :bu
865 1727 916 1785 vel
932 1716 1033 1790 0⁵:51¹!
1048 1726 1356 1806 comprehenduntur,
1373 1727 1456 1788 etel-

333 1838 432 1888 terum
448 1849 552 1889 eorum
566 1847 677 1887 nornen
692 1833 831 1892 ueniunt
848 1826 1005 1908 (Maimon.
1020 1828 1128 1888 Maase
1142 1828 1239 1889 Korb.
1256 1827 1335 1907 Cap.
1349 1828 1374 1902 I,
1392 1827 1456 1908 18.)

333 1931 425 1991 huius
440 1931 558 1989 lucrum
574 1949 614 1989 ex
628 1929 772 1990 mandato
790 1929 894 1989 divino
909 1931 1033 1990 videtur
1047 1939 1200 2011 repetere.
1228 1931 1266 1990 ln
1281 1931 1374 2012 adipe
1391 1952 1456 1990 car-

334 2034 382 2094 nis
404 2033 510 2092 florem
533 2033 760 2110 cognoscimus,
784 2033 816 2092 in
839 2052 899 2112 quo
921 2032 1059 2112 pulveris
1082 2033 1254 2094 substantia
1275 2033 1456 2092 lucidiorem

336 2133 394 2194 sibi
420 2134 558 2193 vindieat
584 2134 709 2194 vultum.
752 2133 881 2194 Belluee
910 2135 1166 2215 pretiosissimum
1193 2133 1323 2215 praebet
1351 2134 1456 2215 dem

337 2234 440 2309 Quare
463 2237 510 2298 uti
532 2234 701 2296 uberrimos
731 2237 831 2316 campi
858 2236 977 2297 fructus
1000 2236 1094 2295 Isaak
1114 2236 1179 2296 filio
1203 2256 1243 2295 ex
1266 2235 1456 2316 pinguedine

335 2345 435 2398 terrae
452 2337 570 2416 colligit
580 2337 717 2411 Gen27,
728 2339 778 2411 28,
794 2339 838 2398 ita
852 2357 967 2418 parcae
982 2346 1139 2418 pastorum
1155 2339 1344 2419 simplicitati
1360 2339 1456 2418 adeps

335 2461 390 2520 pro
412 2440 478 2498 auri
498 2440 584 2498 lauta
603 2440 692 2517 fruge
712 2438 846 2518 est***).
876 2438 1028 2500 Victimae
1044 2442 1069 2499 si
1087 2440 1278 2500 distribuitur
1291 2440 1370 2500 haec
1384 2460 1456 2520 pars

337 2541 387 2601 dei
411 2550 471 2615 est,
500 2549 531 2600 et
552 2541 598 2599 illi
621 2540 745 2621 quidem
768 2542 834 2600 eius
857 2542 988 2613 numini,
1017 2562 1077 2622 quo
1101 2561 1203 2601 rerum
1224 2542 1457 2601 universitatem

335 2643 497 2702 moderans
513 2663 575 2703 non
589 2650 773 2723 aspernatur
786 2642 890 2702 flebile
905 2642 1035 2703 hominis
1052 2645 1216 2722 suspirium
1225 2642 1267 2722 †).

422 2743 538 2805 Carnes
565 2765 627 2804 non
651 2744 826 2805 combustae
851 2744 983 2825 dapibus
1006 2753 1162 2805 struuntur
1185 2744 1302 2826 duplici
1328 2747 1456 2818 ratione,

336 2867 430 2928 quum
450 2855 560 2928 peetus
585 2845 673 2926 (titii)
704 2847 872 2908 dissectum
898 2867 938 2906 ex
958 2855 1081 2926 tergore
1108 2854 1201 2929 atque
1225 2847 1333 2908 dexter
1356 2867 1457 2907 armus

332 3017 542 3026 -ο--α--μ-

420 3115 441 3182 *)
454 3119 494 3167 De
506 3132 568 3166 voce
580 3108 655 3168 rrius
667 3119 699 3165 cf.
713 3117 842 3177 Cocceius,
855 3119 942 3165 Lexic.
954 3133 979 3179 p.
993 3121 1051 3167 385.

404 3199 441 3271 **)
454 3205 584 3264 Singulari
603 3205 782 3252 dissertatione
806 3203 953 3262 ablsgmina
976 3203 1039 3250 haec
1061 3203 1244 3252 sacrificiorum
1266 3187 1314 3252 deo
1334 3204 1361 3251 in
1379 3204 1457 3252 altari

335 3289 421 3336 offerri
434 3290 511 3336 solita
524 3290 645 3336 tractavit
655 3289 728 3352 Iken,
740 3289 811 3336 Diss.
823 3288 889 3349 phil.
901 3289 979 3336 theol.
991 3289 1024 3336 11.
1036 3304 1061 3349 p.
1076 3291 1123 3338 139
1137 3302 1191 3349 sqq.

387 3369 436 3434 ***)
448 3389 473 3421 v.
485 3368 612 3433 Riiekert,
625 3373 737 3420 Hemesa
749 3375 761 3420 Ι
772 3389 797 3434 p.
810 3376 842 3420 ³3
855 3389 893 3433 sq.

414 3456 437 3518 t)
450 3459 544 3505 Philon
557 3459 588 3506 de
599 3459 661 3506 vict.
677 3474 702 3519 p.
713 3460 762 3506 650
774 3472 811 3516 sq.
828 3459 938 3517 singulis
955 3458 1071 3518 singulas
1082 3458 1193 3507 subiecit
1205 3474 1294 3507 causas
1306 3458 1456 3508 oblationis:

335 3543 430 3606 Adeps,
443 3535 484 3592 ὅτι
492 3539 536 3590 καὶ
544 3537 671 3592 πιότατον
681 3540 725 3590 καὶ
736 3539 787 3590 τῶν
798 3537 954 3603 σπλάγχνων
966 3537 1149 3608 φυλακτήριονς
1162 3558 1236 3592 renes
1247 3548 1353 3604 propter
1364 3558 1457 3592 nervos

336 3630 469 3676 tendentes
481 3630 618 3690 genitalia,
637 3630 679 3687 qui
696 3629 840 3688 genituram
858 3629 994 3687 adiuvant3
1012 3629 1077 3674 fibra
1089 3630 1220 3691 iocinoris,
1240 3629 1455 3688 praestantissimi

309 3696 314 3708 .
335 3715 444 3760 visceris
462 3713 598 3772 delibatio,
620 3714 692 3760 euius
709 3725 787 3773 opera
805 3713 877 3760 cibus
894 3715 921 3760 in
938 3715 1089 3772 sanguinem
1105 3714 1216 3759 vertitur
1232 3717 1259 3759 et
1274 3713 1308 3759 ad
1320 3727 1363 3760 cor
1375 3717 1457 3759 trans·

335 3799 459 3858 mittitur,
477 3799 544 3845 unde
564 3799 695 3845 derivetur
712 3799 739 3844 in
755 3799 869 3857 eorporis
881 3799 960 3844 totius
971 3812 1051 3844 venes
1063 3798 1172 3844 sinuosis
1183 3797 1290 3844 flexibus
1308 3800 1457 3846 alimentum

336 3897 484 3944 suggerens.
507 3883 614 3931 Accedit
632 3883 698 3943 quod
716 3883 836 3930 iecinoris
857 3887 949 3930 natura
967 3881 1084 3928 sublimis
1102 3887 1129 3930 et
1145 3882 1260 3942 levigata
1276 3884 1356 3929 refert
1374 3884 1457 3930 instar

336 3969 484 4029 politissimi
497 3969 594 4028 speculi
605 3972 710 4029 propter
722 3968 843 4027 nitorem,
856 3972 885 4014 ut
895 3981 980 4025 mens,
992 3967 1091 4025 quoties
1103 3981 1118 4013 a
1131 3967 1229 4014 diurnis
1241 3968 1309 4015 curis
1321 3971 1417 4026 cessat,
1429 3967 1457 4013 in

337 4067 451 4100 somnum
467 4037 550 4100 soluto
567 4067 686 4113 corpore,
704 4053 783 4099 nullis
800 4052 904 4099 turbate
920 4051 1038 4098 sensibus
1054 4064 1081 4099 se
1093 4052 1176 4112 ipsam
1188 4066 1296 4112 suosque
1308 4052 1456 4099 intellectus

336 4139 364 4185 in
376 4151 478 4185 secessu
495 4152 557 4198 pure
576 4137 696 4198 dispiciat
713 4137 834 4184 intuendo
851 4138 922 4183 iecur
939 4140 1058 4195 tanquam
1076 4137 1217 4197 speculum,
1236 4142 1262 4184 et
1277 4137 1303 4182 in
1316 4150 1345 4183 eo
1357 4137 1457 4184 sineere

337 4223 510 4282 contemplate
526 4235 569 4269 res
586 4223 774 4282 circumspiciat
790 4222 840 4269 sibi
854 4222 1022 4268 obversantes
1036 4221 1173 4281 imagines,
1197 4235 1245 4281 quo
1261 4226 1348 4283 turpes
1366 4221 1456 4281 fngiat,

338 4307 480 4356 contrarias
494 4307 585 4367 eligat,
605 4310 630 4354 et
648 4322 678 4354 ex
689 4307 900 4367 imaginationum
918 4305 1121 4353 consideratione
1138 4319 1185 4352 ceu
1201 4310 1275 4353 vates
1287 4307 1456 4354 coniecturam

339 4393 370 4439 de
383 4393 468 4440 futuro
480 4391 566 4440 faciat.
590 4392 714 4438 Poterunt
726 4391 789 4438 hace
801 4397 875 4439 cuuto
887 4391 964 4438 iudici
976 4391 1101 4451 quendem
1113 4392 1213 4450 frugem
1223 4389 1356 4451 praebere.

1221 4472 1234 4511 3
1241 4472 1255 4497 Ἰ
