3434 5067
743 505 955 564 ..19-

289 677 344 737 ru
358 660 428 748 nb&
443 669 495 730 Ps.
512 673 561 746 66,
578 673 716 746 13-15,
737 680 828 752 atque
845 674 913 753 ipsa
926 673 1090 751 gratiarum
1108 675 1187 733 actio
1206 675 1409 736 retributionis

291 775 377 853 quasi
395 773 617 833 necessitudine
636 775 764 851 cingitur
783 775 835 833 Ps.
853 778 927 849 116,
945 778 993 835 12.
1015 776 1090 835 Lev.
1106 779 1160 851 22,
1177 780 1226 836 21.
1257 776 1356 853 Quam
1371 778 1409 838 ob

288 895 353 933 rem
371 875 418 933 his
437 875 589 934 sacrificiis
608 874 726 935 tradere
745 877 852 936 volunt
866 877 1007 936 Jehovae
1024 877 1175 938 hominem
1194 900 1272 960 quae
1292 880 1409 954 debeat,

290 977 412 1055 explere
427 997 482 1034 sua
497 985 633 1056 exparte
649 998 727 1057 quac
742 978 841 1037 desint
855 979 953 1038 bonae
967 981 1050 1059 pacis
1065 981 1152 1058 frugi.
1174 982 1264 1040 Hanc
1278 983 1357 1040 enim
1372 1001 1410 1040 ex

290 1077 398 1136 deletis
421 1078 491 1136 oriri
512 1078 689 1153 inimicitiis,
711 1087 744 1138 ut
765 1070 847 1142 urtn
867 1088 962 1140 status
982 1082 1022 1139 sit
1040 1081 1116 1142 bene
1132 1083 1313 1163 compositus
1332 1085 1411 1143 inter
1446 1090 1448 1093 '

291 1177 380 1238 deum
395 1187 486 1259 atque
501 1180 661 1240 hominem.
690 1182 770 1240 Mira
788 1202 821 1240 re
840 1203 914 1242 vera
934 1185 1162 1261 argumentatio,
1194 1187 1341 1245 Debitoris
1355 1185 1409 1243 sci-

291 1281 362 1340 licet
381 1283 503 1342 crimine
524 1302 684 1362 oppressus
703 1284 847 1342 coelestia
867 1292 971 1343 contra
990 1285 1079 1344 homo
1099 1285 1247 1344 beneficia
1261 1293 1329 1344 stat.
1359 1286 1409 1344 Li

289 1389 353 1440 tata
373 1391 473 1442 autom
495 1385 618 1444 victima
638 1385 771 1445 debitum
791 1387 927 1445 solvitur.
962 1385 1095 1460 Quaevis
1115 1387 1254 1446 molestia
1273 1387 1409 1463 fugatur,
1465 1431 1471 1439 κ

289 1484 371 1542 laeta
392 1485 452 1542 iarn
476 1505 511 1544 ac
533 1485 607 1545 felix
629 1487 796 1546 concordie.
835 1485 931 1561 Quasi
951 1507 1023 1547 vero
1045 1489 1252 1557 israelitarum
1272 1487 1411 1565 religioni

290 1585 454 1665 quidquam
475 1588 622 1647 exstiterit
641 1588 721 1666 quod
741 1608 779 1646 ex
798 1588 852 1646 ilia
868 1589 1050 1667 excipiamus
1067 1589 1227 1648 debitione.
1256 1589 1342 1648 Nihil
1357 1589 1410 1666 igi·

290 1694 338 1744 tur
358 1688 388 1744 in
408 1688 590 1748 salutaribus
610 1689 761 1766 singulare
780 1690 862 1748 nacti
882 1708 983 1749 sumus
1006 1691 1170 1750 sacrificiis.
1204 1690 1291 1748 Talis
1309 1698 1410 1750 autem

290 1789 438 1848 restitutio
459 1788 515 1847 deo
541 1789 578 1848 ob
604 1790 751 1849 beneficia
770 1791 808 1850 ab
827 1791 949 1850 homine
968 1792 1108 1851 facienda
1130 1812 1230 1850 nonne
1248 1792 1340 1871 plane
1358 1791 1410 1850 ad-

290 1897 428 1948 versatur
442 1889 511 1949 Vct.
527 1890 612 1950 Test.
628 1893 762 1968 ingenio,
784 1894 868 1951 cuius
887 1893 1056 1951 fortunatus
1075 1893 1199 1970 augurio
1217 1893 1316 1952 Jacob
1334 1892 1410 1953 Gen.

291 1993 341 2065 32,
360 1995 401 2050 10
419 1991 588 2052 inferiorem
610 2012 643 2051 se
664 2012 729 2052 esse
743 1995 919 2072 pronuntiat
933 1995 1070 2053 omnibus
1085 1994 1226 2054 Jehovae
1242 1995 1360 2074 opibus,
1382 2001 1412 2052 et

292 2092 395 2151 David
416 2096 434 2150 2
452 2091 532 2152 Sam.
551 2098 568 2153 7
572 2141 578 2168 ,
595 2097 636 2153 20
655 2095 728 2174 ipsis
747 2094 848 2154 verbis
867 2115 992 2175 parcere
1006 2096 1085 2170 vult,
1110 2097 1253 2174 quoniam
1267 2094 1410 2154 Jehovah

291 2196 368 2253 sciat
382 2215 591 2276 quaecumque
606 2196 738 2256 dicturus
753 2196 865 2255 fuerit?
888 2196 947 2271 Qui
961 2197 1166 2276 persuaserint
1180 2197 1250 2269 sibi,
1265 2205 1299 2255 ut
1313 2204 1412 2255 terrea

291 2297 363 2355 salis
379 2298 456 2355 mica
471 2298 556 2356 coelo
572 2297 802 2358 satisfacerent?
826 2297 1055 2358 Subsistendum
1075 2307 1155 2358 esset
1172 2298 1253 2357 haud
1272 2296 1362 2356 dubie
1382 2299 1413 2355 in

289 2400 454 2476 pretiorum
475 2401 597 2471 actione,
621 2420 711 2478 quam
733 2420 787 2479 pro
807 2401 961 2460 beneficiis
981 2400 1037 2459 deo
1057 2401 1225 2480 rependant
1244 2399 1412 2459 devotionis

292 2499 430 2556 convicti.
460 2500 501 2558 Et
519 2507 623 2558 tamen
636 2521 672 2558 ea
687 2520 747 2560 non
761 2502 883 2580 plenam
901 2502 987 2559 huius
1007 2503 1145 2561 sacrificii
1164 2501 1313 2561 exhauriri
1327 2508 1411 2558 natu·

291 2621 355 2658 ram
381 2602 440 2680 ipsi
465 2601 644 2674 concedunt,
669 2621 743 2680 quos
767 2603 984 2681 impugnamus.
1022 2605 1152 2663 Temere
1174 2602 1309 2681 profecto
1328 2602 1412 2680 pacis

292 2704 513 2782 negligeremus
527 2704 589 2762 vim
606 2691 725 2785 [nunt
749 2703 801 2762 ubi
820 2711 885 2762 tota
902 2706 1013 2763 rituum
1033 2704 1228 2764 conformatio
1244 2710 1306 2761 tam
1321 2721 1413 2782 saepe

293 2805 355 2864 eius
363 2807 536 2864 memoriam
548 2805 709 2885 protendit.
730 2803 921 2865 Adversatur
928 2825 1001 2866 vero
1010 2806 1101 2866 etiam
1109 2806 1163 2864 illa
1171 2805 1319 2864 restitutio
1328 2823 1413 2884 prae·
1503 2825 1508 2838 ¹

294 2907 397 2984 captia,
414 2906 521 2985 quibus
535 2907 610 2966 haec
625 2927 710 2966 sacra
718 2908 895 2968 conduntur.
917 2906 1415 2967 Namvolunterioliberalitatisin

293 3005 372 3064 dono
381 3007 418 3065 de
427 3006 529 3066 debita
534 3008 813 3084 solutionecogitari
820 3009 949 3069 credatJ
949 3009 1063 3068 udaeus
1068 3010 1189 3088 Apella.
1199 3007 1414 3085 Quaecumque

294 3108 445 3183 debemus,
456 3129 492 3168 ea
499 3128 560 3166 non
570 3108 664 3167 libero
675 3107 825 3167 offerimus
835 3129 872 3168 ox
880 3110 1019 3188 impulsu.
1034 3110 1107 3168 Ideo
1117 3116 1169 3166 aut
1175 3109 1347 3166 voluntaria
1353 3127 1415 3165 non

293 3212 443 3288 pertinent
458 3209 497 3269 ad
513 3210 657 3269 salutaria
672 3210 831 3285 sacrificia,
854 3210 1026 3269 authorum
1044 3209 1227 3269 verecundia
1245 3209 1307 3267 alia
1321 3209 1413 3287 est*).

293 3312 380 3370 Prius
397 3333 488 3391 quum
503 3313 591 3371 claris
607 3313 683 3388 legis
699 3311 803 3372 edictis
820 3313 932 3385 obstet,
951 3313 982 3370 in
998 3313 1093 3372 altero
1109 3312 1290 3370 insistamus.
1312 3309 1416 3370 Verba

295 3421 375 3472 certe
388 3414 478 3472 Prov.
490 3416 577 3488 7,14.
592 3419 662 3478 *ru
675 3405 785 3478 artabu
798 3421 877 3477 nra-r
888 3403 944 3478 ⁸55
957 3403 1065 3477 0⁵³th
1078 3418 1154 3476 ”t'tfli
1166 3413 1241 3472 nihil
1255 3431 1415 3470 moramur.

295 3515 434 3594 Namque
452 3515 524 3574 licet
543 3517 574 3574 in
595 3517 631 3576 iis
647 3516 728 3597 quod
751 3517 893 3595 deinceps
913 3521 980 3590 ἾὮ,
1003 3516 1041 3575 ab
1061 3516 1146 3574 initio
1166 3503 1276 3579 nauta
1291 3513 1415 3585 dicetur,

295 3623 396 3676 tamen
414 3616 471 3675 hoc
487 3638 524 3676 ex
540 3620 677 3699 sequenti
696 3608 807 3680 663567
827 3618 924 3676 lucem
942 3637 1003 3675 non
1022 3616 1181 3691 obtinebit,
1204 3616 1315 3695 quippe
1335 3613 1416 3694 quod

276 3714 283 3726 '
296 3727 441 3796 congruat
453 3739 519 3778 oum
531 3725 600 3786 '³772
612 3741 679 3780 cum
692 3739 751 3798 quo
765 3720 953 3794 construitur,
968 3739 1067 3799 neque
1079 3738 1151 3778 vero
1166 3737 1232 3775 cum
1244 3704 1415 3794 uantum).

295 3819 423 3879 Accedit
431 3820 511 3901 quod
522 3821 793 3901 praeiudicataista
801 3823 953 3882 restitutio
961 3820 1104 3882 historiae
1113 3818 1328 3891 occasionibus
1345 3837 1417 3896 qua·

301 3941 496 3954 Q———a-—n

366 4001 388 4064 *)
402 4006 474 4066 Quod
487 4009 599 4055 sonticus
612 4009 663 4055 iarn
675 4009 789 4054 Venema
805 3988 875 4056 Diss.
887 4023 952 4054 sacr.
965 4008 994 4054 Τ.
1006 4008 1039 4053 Π.
1051 4023 1076 4067 p.
1090 4008 1148 4054 379.
1165 4005 1274 4051 nominis
1292 4003 1417 4048 rationem

298 4091 419 4137 conflavit
432 4106 461 4137 ex
473 4091 556 4138 tribus
568 4093 726 4150 notionibus,
739 4097 768 4138 ut
780 4093 907 4138 sacrificia
918 4093 970 4138 sint
982 4093 1058 4138 simul
1070 4083 1190 4155 εἰρηνικά,
1202 4082 1323 4152 σωτήρια,
1335 4078 1418 4144 εὐχα-

297 4169 411 4240 ριστικά,
429 4177 465 4222 ita
483 4177 596 4237 quidem,
615 4181 643 4224 ut
658 4179 742 4237 prima
759 4178 913 4236 significatio
929 4177 956 4224 in
972 4183 1045 4238 turs,
1063 4176 1175 4222 secunda
1191 4175 1218 4221 in
1229 4179 1283 4231 Ἧι,
1300 4170 1379 4217 tertia
1390 4169 1418 4217 in

297 4267 363 4308 ttrtn
376 4262 459 4308 locum
472 4261 595 4308 obtineat.
889 4253 892 4256 ⁴

349 4341 386 4406 **)
397 4348 438 4394 Ita
450 4350 519 4394 recte
532 4347 584 4394 iam
598 4345 731 4395 Gussotius
745 4345 846 4394 Corum..
854 4347 919 4405 ling.
931 4344 1076 4392 Hebraicos
1087 4358 1113 4406 p.
1127 4344 1200 4390 1649.
1216 4420 1230 4446 ἱ

1198 4423 1210 4464 8
