3434 5067
762 474 975 558 ..274

305 665 432 746 proferri
454 674 588 743 poterat,
611 676 644 726 ut
664 667 837 746 complexus
858 668 1057 744 singulorum,
1080 672 1132 748 qui
1151 668 1279 728 salutem
1298 679 1427 746 gestant,

305 766 457 828 radiorum
471 767 529 826 hoc
544 789 603 826 uno
620 769 760 828 emicaret
779 770 855 828 lucis
875 771 906 827 in
922 770 1050 832 cumulo.
1079 771 1137 830 Oui
1153 769 1234 849 quod
1249 771 1428 830 sacrificium

306 869 445 942 dicatum,
461 869 582 948 plenam
597 871 703 930 sternit
717 871 902 948 religionem.
931 869 1013 945 Quid
1027 880 1073 931 est
1087 872 1186 948 igitur,
1202 867 1285 951 quod
1299 871 1337 931 de
1352 893 1428 932 voce

305 971 364 1029 iam
379 970 466 1030 nobis
487 970 627 1029 constat?
648 973 759 1032 Paucis
775 972 841 1031 dico
858 973 990 1052 amplam
1005 992 1077 1031 rem.
1107 961 1176 1035 nbn
1191 981 1222 1032 et
1235 965 1346 1036 ΨΜ
1359 993 1428 1032 eum

303 1071 400 1148 figunt
413 1073 506 1132 menti
521 1080 644 1147 statum,
667 1075 699 1132 in
720 1095 779 1153 quo
799 1077 927 1133 bumana
945 1075 1047 1152 reliyio
1060 1075 1233 1151 inepriata
1247 1073 1342 1134 num
1357 1096 1427 1151 per-

296 1177 373 1246 fusa
392 1195 428 1232 ac
447 1194 531 1232 sensu
547 1177 674 1251 perfecti
690 1177 722 1234 in
742 1193 775 1234 se
795 1175 911 1234 divinat
929 1183 1021 1256 atquc
1045 1176 1076 1233 in
1096 1173 1207 1234 mundo
1226 1176 1369 1253 vestigia.
1393 1182 1428 1234 ut

298 1276 384 1351 pacis
401 1274 471 1334 inde
483 1283 573 1336 natae
585 1277 755 1356 perfruatur
767 1280 891 1356 pandite.
917 1278 1023 1337 Velut
1035 1278 1128 1337 verbo
1141 1277 1316 1336 exhauriam
1330 1297 1427 1352 omen,

304 1377 396 1437 beati
409 1379 545 1436 divinitus
559 1389 653 1438 satam
666 1379 862 1459 figuntatquc
872 1390 1055 1457 perspectam
1067 1381 1426 1455 borniniscatioitatem.

387 1479 505 1538 Auctac
526 1480 581 1538 tali
600 1480 700 1540 omine
719 1481 875 1559 religionis
894 1490 1088 1541 monumenta
1108 1482 1260 1540 sacrificiis
1275 1489 1428 1560 ponuntur

302 1581 507 1640 Israelitarum
530 1581 568 1640 ad
591 1582 699 1641 altaria
722 1583 859 1642 admotis.
896 1584 977 1642 Hinc
995 1584 1108 1643 factum
1128 1592 1186 1658 est,
1209 1584 1341 1643 ut‘idem
1359 1584 1426 1643 reli·

303 1684 442 1768 gioniset
455 1683 592 1742 sacrificii
603 1705 712 1744 nomen
725 1693 812 1745 esset.
833 1685 1021 1745 Holocausta
1033 1687 1222 1766 antiquitatis
1234 1686 1274 1744 ad
1282 1706 1426 1759 normam,

305 1787 357 1844 cui·
373 1787 469 1864 prima
491 1786 670 1862 conduntur,
694 1788 732 1847 ab
753 1795 877 1849 externo
897 1789 956 1845 ritu
977 1789 1212 1868 appellationem
1228 1788 1334 1846 sortita
1348 1795 1426 1846 sunt.

305 1887 507 1947 Leviticorum
530 1907 681 1951 sacrorum
703 1891 734 1947 in
757 1890 861 1949 ordine
882 1910 960 1969 quae
986 1897 1112 1968 aggesta
1134 1909 1258 1948 munera
1278 1889 1427 1969 spirituali

304 1990 399 2066 magis
414 1990 627 2067 insigniuntur,
644 1993 675 2050 in
690 2011 750 2071 qua
763 1993 882 2050 interna
896 2000 992 2050 scatet
1005 1993 1195 2050 victimarum
1208 1999 1325 2049 natura.
1354 1991 1426 2049 Ete-

304 2091 366 2149 nim
392 2092 437 2149 uti
462 2091 562 2150 hostia
586 2095 786 2152 conscientiae
814 2094 902 2152 litata
925 2094 1032 2172 culpae
1054 2113 1145 2152 onere
1168 2112 1330 2172 oppressae
1352 2097 1426 2154 nnn

304 2199 444 2266 vocatur,
468 2201 498 2252 et
516 2202 641 2272 peccato
662 2195 786 2255 obrutae
807 2200 918 2270 nunu,
940 2195 984 2253 ita
997 2183 1108 2257 ntnbn
1121 2194 1299 2253 sacrificium
1315 2201 1361 2252 cst
1375 2192 1424 2252 de·

304 2295 419 2353 votioni
433 2303 604 2370 mactatum,
621 2316 698 2375 quac
712 2299 833 2374 penitus
847 2297 962 2356 imbuta
977 2305 1023 2356 est
1038 2297 1143 2355 salutis
1157 2296 1214 2355 illa
1225 2316 1260 2354 ac
1272 2294 1426 2355 felicitatis

305 2397 418 2475 specie,
440 2417 530 2476 quam
548 2399 617 2456 voci
635 2387 745 2462 nrnbn
765 2398 889 2457 subesse
909 2399 1113 2475 cognovimus.
1141 2399 1212 2456 Non
1227 2405 1339 2456 temere
1354 2415 1425 2472 ergo

239 2515 244 2530 ‘
305 2500 477 2558 salutariam
497 2498 559 2558 divi
577 2500 759 2558 Tertulliani
780 2521 818 2559 ex
839 2501 1017 2559 auctoritate
1040 2507 1242 2579 nuncupatur,
1266 2497 1425 2557 dummodo

304 2619 343 2658 ne
360 2598 571 2658 obliviscamur
589 2621 688 2680 neque
703 2603 734 2659 in
750 2603 918 2679 arroganda
932 2603 1047 2662 versari
1062 2603 1161 2660 salute
1176 2602 1239 2660 eius
1255 2600 1427 2672 essentiam,

303 2721 403 2781 neque
422 2702 453 2759 in
472 2702 665 2762 retribuenda
685 2703 755 2777 deo,
779 2723 857 2782 quae
877 2713 1010 2783 accepta.
1044 2704 1150 2762 Potius
1173 2702 1325 2760 salutaria.
1340 2699 1427 2760 nobis

306 2803 443 2861 dicantur
465 2803 623 2878 sacrificia,
650 2825 728 2884 quae
749 2805 922 2883 religiosam
944 2805 1072 2881 hominis
1100 2803 1297 2863 substantiam
1324 2801 1425 2860 adum·

305 2905 394 2964 brant
408 2905 514 2964 salutis
529 2906 668 2966 fluctibus
683 2908 819 2984 rigatam.
851 2905 949 2987 Supra
963 2908 1023 2966 iarn
1039 2907 1078 2966 ad
1096 2906 1228 2965 lucidam
1243 2904 1426 2963 advertimus

306 3007 438 3065 animum
459 3006 599 3066 Jehovae
621 3004 866 3082 revelationem‚'
881 3009 929 3067 cui
951 3009 997 3067 illi
1019 3009 1127 3067 fluctus
1151 3006 1312 3065 exundent
1350 3004 1426 3064 Goe-

305 3107 389 3166 lestis
404 3110 519 3186 gratiae
534 3129 636 3168 secum
649 3115 772 3187 portant
786 3110 887 3187 largas
900 3130 972 3188 opes
986 3108 1143 3168 desiderio.
1167 3106 1253 3180 Quae
1265 3106 1305 3165 ad
1318 3106 1427 3164 altaria

307 3209 507 3284 conclamant,
532 3225 738 3290 quaecumque
761 3212 925 3289 tetigerunt
947 3210 1123 3290 praecordia
1133 3208 1174 3287 *).
1196 3242 1239 3251 -—
1267 3207 1365 3282 Quam
1387 3207 1426 3267 ob

305 3329 368 3368 rem
384 3312 409 3370 si
423 3313 571 3392 principia
585 3314 765 3392 quaerimus,
781 3334 819 3372 ex
834 3314 942 3393 quibus
958 3312 1102 3370 salutaria
1117 3310 1318 3389 suscipiantur
1331 3327 1426 3382 sacra,

266 3455 269 3464 .
306 3414 407 3471 nescio
436 3414 507 3493 quid
534 3415 632 3493 aptius
661 3415 852 3489 enuntiarim‚
887 3435 977 3494 quam
1003 3413 1079 3472 haec
1105 3432 1219 3472 summe
1244 3411 1426 3471 venerabilis

308 3512 522 3594 Schuberti**)
543 3515 648 3575 effata:
673 3517 726 3576 der
740 3516 816 3575 Leib
837 3517 890 3575 des
909 3515 1076 3574 Menschen
1095 3514 1194 3574 selber
1213 3513 1361 3573 erscheint
1380 3513 1427 3570 als

307 3617 356 3675 ein
377 3617 599 3678 wundervoller
621 3618 734 3678 Verein
761 3618 839 3677 aller
864 3615 1123 3694 Grundgestalten
1147 3616 1209 3674 und
1235 3614 1346 3672 Krafte
1374 3614 1427 3673 des

307 3718 477 3778 sichtbarcn
499 3719 652 3779 Weltalls.
698 3719 800 3779 Sclbst
826 3721 856 3778 in
885 3719 984 3778 dieser
1011 3738 1044 3776 so
1068 3738 1171 3776 armen
1192 3716 1428 3794 verganglichcn

307 3820 407 3879 Natur
423 3821 463 3880 ist
482 3842 515 3881 er
533 3821 611 3881 noch
632 3823 681 3882 ein
700 3820 840 3898 Abglanz
859 3821 922 3880 und
941 3820 1106 3894 Ebenbild,
1132 3820 1226 3879 sinin
1241 3818 1292 3877 die
1307 3818 1428 3878 Gestalt

308 3921 526 3983 desFleisches
542 3924 877 4002 geschricbenerName
892 3923 1009 3996 desscn,
1024 3941 1085 3979 von
1100 3920 1245 3981 welchcm
1261 3920 1337 3978 alles
1353 3918 1427 3979 Scin

376 4088 398 4154 *l
416 4096 472 4141 Non
489 4096 596 4141 multum
615 4095 700 4141 aliena
717 4092 835 4139 Klaibcri
853 4090 993 4151 sententia,
1012 4090 1054 4150 qui
1071 4090 1141 4138 Stud.
1161 4091 1207 4137 der
1224 4103 1314 4149 evang.
1333 4088 1426 4135 Geistl.

307 4179 531 4226 wurtembsvm.
549 4181 600 4225 vol.
614 4181 637 4226 2.
655 4196 680 4240 p.
693 4182 733 4226 49.
747 4178 837 4225 testari
849 4178 890 4223 his
902 4175 982 4222 sacris
993 4175 1126 4222 Israelitas
1139 4175 1226 4233 iussit,
1244 4174 1356 4234 pendere
1369 4187 1425 4221 sese

308 4280 338 4312 ex
350 4264 411 4321 deo,
425 4267 547 4322 quatenus
561 4278 591 4310 er
603 4263 659 4323 ipso
671 4277 757 4322 omnes
770 4263 840 4309 boati
854 4277 884 4309 ac
896 4261 987 4308 salutis
999 4260 1152 4320 proveniant
1163 4261 1255 4305 fontes.

359 4342 400 4414 “)
413 4346 565 4396 Geschichtc
579 4348 624 4395 der
637 4349 710 4396 Seelc
723 4345 815 4408 (Suttg.
829 4351 854 4394 et
864 4346 928 4395 Tub.
941 4338 1019 4412 1830)
1030 4359 1055 4407 p.
1069 4346 1127 4392 336.
