3434 5067
757 579 970 638 ..33..

301 748 352 808 tia.
383 746 518 808 Obscuro
539 747 630 807 ductu
648 753 801 827 protracta
821 747 947 828 quaevis
968 745 1089 827 quidem
1106 744 1205 804 litatio
1224 743 1316 826 plena
1331 749 1421 802 terra·

300 871 366 910 rum
378 857 465 930 peste
476 857 605 910 notatur.
629 847 691 910 Sed
704 868 781 929 quae
792 850 882 908 saluti
896 847 977 908 cadit
990 848 1098 922 hostia,
1113 853 1285 927 superatam
1296 851 1425 907 testatur

301 953 435 1031 religiosi
452 952 530 1010 hanc
545 953 713 1028 perniciem.
749 949 782 1009 Si
802 953 818 1008 1
834 951 911 1028 Reg.
928 953 962 1025 8,
978 952 1018 1010 33
1041 951 1094 1031 qui
1112 949 1267 1030 peccarint
1285 948 1425 1008 dicunur

300 1061 450 1113 revertere
473 1053 511 1112 ad
534 1053 725 1112 sanctitatem
747 1060 837 1132 atque
859 1053 988 1111 nominis
1012 1071 1151 1111 enarrare
1174 1051 1269 1110 divini
1287 1049 1424 1128 gloriam,

302 1155 368 1236 quis
388 1163 433 1214 est
453 1155 504 1235 qui
522 1155 653 1214 Baehrio
674 1153 744 1214 inde
764 1155 911 1233 largiatur
929 1160 1015 1219 ffl'trt
1030 1160 1090 1220 ml·
1104 1173 1166 1212 non
1186 1172 1252 1212 esse
1271 1153 1330 1211 nisi
1351 1150 1423 1209 deli-
1509 1171 1513 1177 ·

303 1265 416 1316 ctorum
431 1256 663 1338 professionem,
683 1257 715 1315 in
730 1277 790 1337 qua
804 1275 879 1316 vara
893 1256 917 1316 J
918 1255 1034 1316 ehovae
1048 1257 1162 1314 nitatur
1176 1253 1335 1314 adoratio?
1364 1251 1425 1326 Qui

301 1359 428 1436 gratiam
447 1359 601 1419 celebrant
621 1358 797 1432 coelestem,
821 1379 883 1417 non
905 1340 1032 1417 arduum
1050 1359 1174 1417 horrent
1194 1357 1242 1416 cui
1261 1354 1426 1435 perdantur

301 1469 419 1535 nutum,
439 1461 494 1520 sed
508 1461 684 1538 benignum,
705 1462 811 1541 inquo
829 1461 913 1521 beati
926 1459 1026 1520 rident
1041 1459 1175 1519 divitiae.
1204 1459 1308 1518 Nihilo
1328 1457 1425 1514 minus

303 1563 332 1622 ei
346 1563 505 1623 adversum
520 1571 553 1621 ut
567 1563 705 1640 vigeant,
728 1563 798 1622 velo
815 1570 918 1640 egent,
941 1563 1025 1620 cuius
1041 1563 1142 1641 specie
1158 1568 1312 1633 ornentur,
1328 1558 1426 1617 ornati

302 1665 413 1723 iustam
434 1672 544 1723 canant
565 1664 695 1724 laudem.
731 1665 868 1724 Naturae
886 1665 1036 1724 humanae
1058 1663 1146 1722 divus
1162 1661 1427 1742 superinsternitur

302 1767 393 1840 nitor,
409 1773 442 1824 ut
456 1765 641 1827 ineffabilem
656 1767 856 1846 introspiciat,
880 1787 971 1847 quam
984 1765 1194 1847 praedicatura
1209 1772 1268 1839 est,
1291 1764 1348 1822 rite
1362 1763 1425 1840 glo·

302 1869 386 1926 riam.
409 1868 479 1928 Hoc
487 1869 777 1948 arcanumpiationis
787 1869 962 1948 auspicium,
979 1868 1060 1948 quod
1068 1867 1194 1926 salutari
1201 1885 1321 1947 quoque
1328 1865 1428 1950 fulget

304 1969 511 2028 caerimoniae.
545 1970 596 2028 Ex
618 1970 725 2048 grandi
744 1970 767 2030 J
769 1971 885 2030 ehovae
911 1971 1010 2048 gratia
1030 1977 1213 2051 prognatum
1238 1967 1352 2026 homini
1377 1966 1427 2025 ob-

303 2071 387 2131 venit
402 2070 507 2130 salutis
522 2071 605 2131 felici
619 2072 651 2130 in
667 2091 764 2131 sensu.
788 2073 955 2153 Utramque
970 2092 1049 2152 quae
1064 2073 1302 2151 complectuntur
1317 2053 1427 2128 sacrifi-

304 2173 350 2230 cia
363 2173 581 2233 clandestinum
594 2175 657 2233 eius
671 2173 787 2233 lucrum
801 2174 935 2233 evehunt
945 2175 1097 2234 sanctiora
1107 2173 1288 2250 integritatis
1302 2170 1341 2230 ad
1353 2171 1428 2232 iura.

388 2259 478 2336 Nunc
494 2275 533 2334 ad
549 2276 668 2354 singula
682 2296 852 2356 pergamus.

388 2378 530 2436 Materies
547 2398 607 2457 qua
622 2379 766 2437 salutaria
781 2378 862 2437 dona
877 2376 1075 2437 conficiuntur
1089 2398 1128 2436 ex
1141 2377 1248 2435 hostiis
1263 2376 1429 2454 composita

306 2484 335 2536 et
349 2477 443 2550 fertis,
460 2477 568 2557 quibus
582 2479 729 2558 peculiari
744 2481 802 2537 ritu
816 2480 904 2560 panis
919 2479 1115 2538 fermentatus
1131 2478 1248 2537 aceedit
1262 2477 1427 2551 Lev.7,13

306 2575 409 2661 [aare
424 2584 517 2660 ἎἾἾΡἾ
534 2584 610 2666 Vim
626 2571 693 2642 0175
709 2572 859 2660 wilh}
888 2582 1065 2640 Hostiarum
1084 2581 1200 2660 species
1220 2580 1289 2657 lege
1303 2599 1365 2636 non
1380 2578 1428 2637 de-

305 2680 456 2739 finiuntur.
487 2679 588 2754 Quare
611 2702 713 2742 omnes
737 2683 937 2742 caerimoniae
960 2683 1110 2762 adaptari,
1122 2682 1247 2756 dixeris,
1268 2681 1342 2740 licet
1360 2700 1429 2738 nus·

307 2803 398 2863 quam
413 2783 445 2841 in
459 2782 604 2848 historiae
620 2784 747 2844 decursu
762 2785 968 2845 columbarum
983 2784 1037 2842 fiat
1051 2785 1178 2857 mentio,
1197 2784 1307 2842 rituum
1322 2789 1431 2840 natura

306 2904 384 2964 quae
397 2886 546 2944 removeri
557 2886 707 2962 videntur,
722 2895 756 2946 ut
769 2887 867 2966 epulis
878 2908 940 2946 non
953 2907 1113 2965 congruae,
1129 2894 1159 2945 et
1169 2885 1317 2966 peculiari
1329 2884 1430 2942 avium

305 2986 337 3043 in
362 2986 444 3044 cultu
467 2987 566 3046 omine
591 2995 620 3046 et
642 2988 849 3048 Rabbinorum
872 3011 910 3049 ex
931 2989 1060 3048 decretis
1069 2989 1098 3067 2)
1122 2989 1203 3046 clare
1229 2992 1430 3046 removentur.

305 3087 493 3146 Voluntariis
517 3087 594 3148 adeo
618 3097 755 3149 sacratae
782 3098 886 3149 contra
911 3111 1029 3149 omnem
1057 3090 1211 3166 religionis
1235 3108 1348 3146 morem
1370 3107 1433 3144 non

306 3189 398 3268 plano
413 3191 582 3248 necessario
599 3192 636 3251 ab
653 3192 788 3252 omuibus
803 3193 929 3256 maculis
950 3192 1078 3252 liberum
1092 3190 1173 3249 cadit
1187 3190 1314 3264 animal,
1340 3209 1433 3269 quum
1479 3240 1482 3249 .

308 3290 408 3350 offerri
426 3291 473 3350 fas
489 3292 647 3366 habeatur,
673 3294 776 3373 qualia
796 3299 881 3358 ww
900 3301 930 3354 et
948 3284 1029 3375 vib?
1048 3301 1272 3373 nuncupantur,
1298 3290 1431 3351 membro

307 3393 385 3450 iusto
401 3390 537 3470 longiore
557 3394 700 3474 impedita
717 3398 746 3454 et
760 3397 941 3476 pumiliones
951 3396 1010 3476 **).
1041 3396 1134 3457 Ouius
1152 3396 1295 3456 licentiae
1311 3413 1433 3452 causam

308 3493 429 3558 minime
445 3496 630 3574 quaesiveris
649 3497 681 3554 in
701 3498 774 3556 exili
793 3499 932 3558 sacrificii
952 3505 1112 3558 momento.
1141 3499 1223 3558 Nam
1241 3498 1316 3556 talia
1331 3495 1432 3554 diseri-
1506 3533 1510 3536 -

308 3597 390 3654 mina
405 3616 465 3655 non
479 3597 597 3673 valent,
622 3599 681 3656 nisi
700 3600 752 3660 ubi
766 3599 890 3660 honoris
904 3602 1016 3678 gradus
1032 3602 1262 3660 constituuntur.
1291 3599 1315 3658 J
1316 3597 1433 3657 ehovae

309 3705 410 3756 autem
432 3698 516 3776 leges
536 3700 611 3758 nihil
631 3721 764 3781 unquam
782 3702 866 3762 foedi
885 3703 994 3762 sinunt.
1024 3704 1095 3762 Non
1115 3702 1222 3762 melius
1242 3721 1277 3760 eo
1292 3701 1454 3780 respicias

309 3819 388 3874 mua,
404 3800 485 3880 quod
501 3800 652 3861 offerentis
667 3803 698 3861 in
712 3822 799 3862 usum
813 3804 892 3863 redit
905 3806 1029 3864 victima
1037 3803 1114 3884 ***).
1143 3805 1213 3862 Hoc
1228 3804 1306 3863 enim
1322 3803 1432 3860 saluta·

308 3901 420 3960 riorum
444 3904 564 3962 omnino
587 3912 641 3964 est.
683 3906 792 3985 Neque
815 3905 929 3966 homini
950 3907 1045 3988 probe
1066 3909 1130 3966 ritu
1148 3926 1227 3988 quae
1249 3905 1357 3965 dantur
1380 3905 1435 3963 sibi

379 4065 401 4133 *l
415 4074 565 4132 Hottinger,
578 4075 634 4121 Jur.
647 4073 727 4122 Hebr.
739 4076 803 4134 hog.
816 4091 840 4136 p.
855 4078 913 4124 187.

366 4158 404 4224 ”l
417 4166 471 4212 Vox
487 4171 549 4212 Μ
567 4168 688 4228 Lev.21‚
703 4172 741 4216 18.
759 4170 804 4228 22,
818 4171 849 4216 23
869 4145 933 4216 satis
950 4171 1095 4218 illustratur
1112 4173 1232 4232 Syrorum
1253 4143 1315 4244 1521
1331 4137 1434 4233 '3⁴:⁸⁰

311 4267 417 4314 auritus.
435 4266 550 4314 Dubium
559 4258 618 4332 etp
628 4274 785 4318 contractum
795 4272 939 4331 significare
948 4273 1084 4333 probabile
1094 4275 1136 4321 cll.
1151 4255 1245 4345 οὐδ
1256 4290 1282 4321 v.
1292 4275 1434 4323 Schultens.

312 4351 378 4412 Opp.
391 4352 452 4398 min.
465 4365 490 4412 p.
505 4354 562 4400 273.

346 4428 400 4496 m)
414 4437 507 4497 Bashr‚
521 4437 634 4514 Symbol.
646 4453 672 4498 p.
685 4441 743 4486 376.

338 4513 403 4556 saer.
418 4517 460 4558 sal.
507 4565 511 4572 Ι
1271 4525 1284 4564 3
