3434 5067
790 503 982 560 „9-

325 693 387 731 non
405 667 527 750 prosas
546 669 622 728 dixit
641 662 677 730 'n
690 659 767 752 ttpr
785 677 882 736 rnna
900 679 1014 738 mnan
1028 664 1131 748 utta,
1151 686 1242 757 atque
1256 677 1373 736 addidit
1386 682 1449 739 dnn

327 764 423 838 urbes
430 763 524 835 abun
531 761 660 854 :rapt-b
671 777 731 834 :tn
739 777 830 836 mlh
839 780 923 837 nnn.
942 777 1002 834 Hic
1009 777 1070 834 iam
1077 779 1103 835 si
1109 778 1259 837 vellemus
1266 779 1449 856 distinguere

328 893 453 954 genera,
480 873 624 932 salutaria
646 881 720 933 sane
742 875 923 936 salutaribus
945 878 1173 957 responderent,
1197 881 1323 938 arietum
1345 880 1449 959 adipes

329 975 522 1036 holocaustis.
568 973 629 1034 sed
651 995 703 1034 eur
723 993 777 1055 pro
799 977 837 1051 iis¹
860 977 965 1058 adipes
986 981 1208 1040 memorentur?
1236 982 1327 1039 Prov.
1352 982 1406 1054 15,
1429 983 1448 1040 8

328 1077 476 1137 sacrificia
490 1077 649 1156 impiorum
664 1075 786 1158 (nimi)
802 1088 993 1158 opponuntur
1010 1081 1171 1160 proborum
1185 1082 1333 1160 precibus.
1354 1081 1450 1141 Vides

330 1181 414 1238 aiunt
428 1179 477 1238 hie
492 1179 636 1238 salutaria
651 1181 789 1258 spectari.
811 1180 854 1239 At
867 1201 924 1240 nos
934 1183 1083 1242 orationes
1092 1184 1253 1243 universae
1263 1183 1451 1243 sacrificandi

329 1281 469 1359 religioni
495 1282 596 1361 potius
623 1301 713 1360 qnam
741 1282 887 1359 singulari
913 1284 964 1342 isti
989 1285 1104 1344 formae
1130 1285 1237 1346 cedere
1262 1286 1449 1345 evicerimus.

330 1385 442 1444 Posses
458 1383 535 1442 adeo
550 1403 610 1442 non
625 1391 739 1442 temere
753 1371 831 1442 hane
841 1404 880 1444 ex
888 1385 987 1445 verbis
1001 1406 1105 1446 eruere
1114 1389 1306 1446 sententiam:
1322 1387 1451 1465 Maligni

330 1485 477 1568 quidquid
493 1491 599 1562 agunt,
619 1493 653 1544 ut
668 1485 757 1565 eulpa
771 1485 947 1560 liberentur,
967 1488 1078 1546 frustm
1097 1497 1198 1566 agunt.
1227 1491 1351 1548 Piorum
1365 1491 1450 1548 satis

329 1589 403 1648 facit
416 1588 473 1648 deo
490 1587 678 1666 supplicatio.
693 1620 735 1629 -
754 1587 830 1646 Lev.
848 1591 897 1661 17,
913 1583 947 1661 8,
969 1590 995 1647 si
1010 1594 1072 1652 und
1090 1589 1170 1649 idem
1185 1598 1265 1649 esset
1279 1590 1360 1670 quod
1373 1578 1451 1666 obn,

331 1690 381 1770 qui
396 1696 588 1768 praeceptum
598 1707 664 1746 cum
677 1688 746 1765 lege
759 1688 961 1763 conciliemus,
977 1711 1015 1750 ex
1030 1711 1090 1771 qua
1103 1693 1263 1770 peregrino
1271 1712 1333 1750 non
1340 1693 1452 1751 licebat

332 1791 472 1850 Jehovae
507 1789 651 1847 salutaria
680 1788 807 1848 caedere
838 1791 1007 1850 sacrificia?
1046 1793 1204 1852 Generalis
1230 1794 1306 1852 haee
1336 1794 1451 1872 species
1554 1790 1556 1793 ’

331 1893 421 1952 etiarn
443 1891 485 1950 ibi
508 1890 651 1963 elucebit,
678 1891 730 1950 ubi
752 1907 819 1950 eum
840 1912 917 1952 voce
939 1897 1030 1955 l'tfflt:
1052 1894 1208 1973 copulatur
1233 1899 1307 1968 unt,
1335 1898 1350 1953 1
1370 1893 1450 1953 Sam.

331 1996 359 2067 2,
376 1996 424 2052 29.
445 1992 514 2052 coll.
526 2013 556 2050 v.
570 1994 618 2050 28.
641 1992 752 2068 Pado,
771 1996 798 2052 7.
821 1994 886 2054 Jes.
905 1997 954 2068 19,
969 1998 1019 2053 21.
1041 1996 1121 2054 Dan.
1137 1998 1166 2070 9,
1183 1999 1231 2057 27.
1255 1995 1337 2071 Quid
1351 2002 1452 2076 potest

331 2094 413 2154 dubii
429 2113 508 2168 esse,
532 2094 557 2152 si
574 2097 590 2152 1
608 2092 689 2153 Sam.
706 2097 738 2169 3,
756 2097 796 2153 14
820 2095 851 2154 in
866 2097 1000 2155 vindicta
1019 2118 1079 2176 qua
1096 2098 1148 2156 Eli
1166 2099 1288 2177 punitur
1307 2099 1451 2175 legimus:

328 2186 405 2260 obn
426 2201 469 2261 *a
488 2199 616 2258 narrat
634 2200 717 2260 nnn
736 2173 791 2261 ss
811 2205 874 2260 nn
895 2205 946 2281 tn
964 2190 1451 2263 senseresensere?

330 2299 380 2360 Ad
402 2297 617 2414 culpam'adeo
638 2306 667 2356 et
687 2298 797 2358 delicta
815 2308 916 2380 potest
938 2301 1087 2380 respicere
1104 2322 1173 2361 vox.
1204 2301 1296 2381 Apud
1315 2301 1339 2361 J
1340 2303 1452 2360 esaiam

330 2402 489 2480 Aegyptus
505 2399 622 2458 accedit
636 2400 674 2459 ad
689 2401 829 2462 dehovae
845 2421 938 2476 sacra,
953 2403 1067 2462 hostias
1076 2404 1166 2478 ducit,
1181 2410 1253 2463 vota
1268 2403 1367 2461 solvit.
1391 2402 1453 2462 Cur

332 2503 508 2562 salutarium
528 2501 598 2560 illas
614 2503 796 2561 caerimonia
809 2511 896 2563 vates
910 2504 1021 2563 viderit
1030 2505 1209 2583 jugulatae?
1230 2505 1336 2563 Potius
1352 2505 1453 2563 omnia

331 2604 413 2678 dant,
430 2623 507 2684 quae
523 2602 572 2662 dei
587 2610 663 2677 sunt,
681 2611 710 2662 et
724 2605 859 2681 legitima
868 2607 1016 2665 etvotiva.
1039 2608 1152 2665 Daniel
1167 2607 1347 2665 vaticinatur
1360 2607 1453 2686 plane

321 2699 537 2784 'abrogandum
551 2706 631 2764 hunc
647 2705 765 2764 colendi
781 2704 870 2764 deum
884 2707 1014 2767 modum.
1042 2706 1122 2780 Quid
1136 2708 1253 2766 multa?
1275 2707 1370 2768 Vides
1385 2709 1408 2767 J
1409 2728 1451 2766 os.

332 2813 382 2882 aa,
399 2810 439 2867 ad
461 2808 603 2867 distincta
622 2809 700 2866 inter
714 2828 747 2866 de
762 2799 841 2870 ntn
857 2816 888 2866 et
902 2812 964 2872 nn
979 2816 1009 2868 et
1024 2799 1141 2883 state,
1158 2818 1261 2869 contra
1268 2831 1297 2869 v.
1307 2811 1346 2869 23
1362 2815 1453 2871 unda
1577 2793 1580 2797 ’

332 2919 362 2970 et
382 2900 462 2972 ntro
485 2918 514 2968 st
535 2899 644 2998 utntn
667 2915 745 2973 *un
767 2917 797 2968 et
817 2931 846 2968 v.
869 2913 919 2970 ne.
942 2913 991 2970 aa.
1012 2913 1051 2970 aa
1071 2902 1137 2974 uta
1157 2919 1187 2970 es
1206 2916 1276 2975 nn.
1300 2947 1343 2955 -
1365 2911 1453 2969 Haec

332 3011 490 3086 sufficient,
513 3018 546 3069 ut
566 3031 644 3091 quas
662 3012 784 3069 nomine
803 3017 905 3075 dudunt
923 3021 1063 3072 notentur
1082 3032 1167 3072 saera
1181 3014 1385 3090 intelligamus
1399 3013 1452 3070 mi·

331 3115 412 3172 nime
429 3134 467 3172 ex
481 3113 622 3172 universa
636 3112 825 3171 sacrificandi
845 3114 946 3191 specie
967 3114 1150 3173 removenda
1172 3133 1247 3172 esse.
1277 3113 1390 3173 Contra
1409 3113 1454 3171 uti

332 3205 411 3277 11512
426 3217 469 3273 ita
484 3219 546 3277 l'tnt
561 3215 661 3274 omnia
676 3215 796 3273 omnino
812 3214 1020 3293 complectitur
1035 3214 1193 3287 sacrificia,
1210 3214 1454 3294 quandoquidem

332 3319 363 3376 in
378 3319 415 3376 iis
431 3336 509 3397 quae
522 3316 702 3396 principiuni
721 3324 823 3376 movet
843 3316 956 3396 duplex
974 3317 1085 3375 rituum
1103 3317 1199 3395 figura
1217 3324 1347 3396 prostat,
1369 3317 1452 3375 vieti-

332 3439 447 3478 marum
463 3417 502 3477 ad
518 3419 618 3477 coelos
634 3419 720 3477 edotio
733 3418 810 3491 illie,
825 3418 875 3476 hie
890 3421 998 3477 coedes.

394 3527 398 3534 “
410 3519 476 3603 Iam
492 3539 564 3578 vero
579 3519 631 3578 ubi
645 3519 815 3598 iungrmtur,
831 3520 950 3598 utrique
965 3540 1020 3578 sna
1034 3528 1136 3579 manet
1149 3520 1299 3597 generalis
1310 3519 1386 3578 haee
1397 3519 1452 3577 vis.

334 3622 435 3696 Quare
458 3626 473 3681 1
492 3620 572 3680 Sam.
589 3622 642 3694 15,
659 3623 708 3680 22.
731 3621 806 3679 Hos.
824 3623 852 3694 6,
869 3623 897 3680 6.
918 3640 1002 3680 amor
1021 3629 1111 3701 atque
1125 3623 1221 3700 proba
1235 3621 1285 3679 dei
1299 3621 1452 3679 veneratio

333 3725 369 3783 iis
391 3730 588 3802 opponuntur.
620 3721 791 3782 Cohaerent
812 3742 884 3799 ergo
907 3723 984 3781 inter
1006 3742 1039 3782 se
1059 3723 1165 3782 harum
1186 3723 1281 3780 instar
1301 3723 1452 3780 virtutum.

332 3825 418 3885 Nihil
442 3823 526 3884 aliud
546 3831 667 3903 poterat
688 3823 789 3882 Moses
816 3823 983 3898 intendere,
1011 3825 1037 3882 si
1059 3833 1097 3882 ea
1118 3831 1273 3882 enumerat
1299 3824 1453 3898 sacrificia,

335 3927 442 4007 quibus
457 3925 646 3986 instituendis
662 3945 681 3984 a
694 3925 854 3984 Pharaone
873 3927 950 4005 petit
964 3926 1149 3985 sanctionem
1162 3925 1221 3983 Ex.
1239 3927 1287 4000 10,
1303 3926 1352 3984 25.
1382 3925 1460 3992 Ete-¹

330 4029 395 4088 nim
409 4029 453 4087 uti
468 4028 581 4087 nomini
600 4031 662 4090 bat
680 4026 761 4086 haud
775 4047 842 4085 raro
858 4027 983 4086 verbum
997 4015 1063 4089 0⁵15!
1086 4025 1248 4086 adstruitur
1266 4027 1340 4085 Lev.
1358 4025 1407 4099 17,
1425 4029 1454 4099 8,

333 4133 376 4190 ita
390 4130 515 4190 verbum
531 4135 593 4193 unt
607 4129 658 4190 vel
674 4150 740 4189 curn
755 4119 834 4192 1¹th
850 4128 900 4188 vel
915 4129 1021 4187 hostiis
1037 4129 1065 4188 ei
1075 4128 1287 4187 substituendis
1298 4127 1455 4206 copulatur

277 4229 282 4240 ’
332 4234 423 4294 Num.
440 4235 490 4306 22,
506 4233 556 4292 40.
573 4232 641 4292 coll.
659 4235 708 4307 23,
725 4234 753 4291 3.
770 4231 845 4292 Lev.
863 4233 891 4304 9,
908 4233 936 4290 3.
952 4232 981 4289 4.
996 4230 1055 4289 Ex.
1072 4227 1122 4303 20,
1138 4232 1238 4289 24.-
1252 4229 1339 4288 Unus
1355 4248 1393 4286 ex
1407 4228 1472 4286 his·

332 4335 439 4396 ritibus
459 4334 484 4396 si
502 4334 665 4416 praecipua
685 4333 815 4414 quadam
835 4333 867 4392 in
886 4352 918 4392 re
937 4333 1060 4392 excellit
1073 4333 1166 4406 mole,
1189 4330 1455 4411 possunt-nomina

1530 4404 1602 4790 ,
