3434 5067
769 466 981 523 ..Μ-

313 637 448 694 rationes
465 634 588 714 appulsi
605 653 707 693 sumus
723 642 870 713 tanquam
885 633 925 694 ad
939 635 1097 715 proprium
1114 636 1318 697 caerimoniae
1335 638 1434 699 cardi-

309 731 396 809 nem,
417 737 462 795 ita
481 736 558 794 ritus
579 736 715 796 universi
734 736 767 796 in
787 757 839 796 eas
861 745 984 796 exeunt.
1013 735 1065 796 Ad
1084 737 1202 796 nullum
1216 739 1435 801 sacrificiorum

314 857 412 917 genus
426 845 511 898 tanta
524 837 669 898 sertorum
684 838 774 918 copia
787 847 911 919 tamque
925 839 1011 899 varie
1025 846 1112 898 cocta
1126 847 1158 897 et
1169 840 1251 919 pista
1259 840 1435 916 adstruitur,

315 948 349 1000 ut
364 940 443 1000 adeo
460 940 561 999 fauna
575 940 726 1000 fermento
742 941 838 1000 mixta
853 940 985 1021 panibus
996 940 1135 1000 addatur.
1158 940 1341 1002 Laudativis
1355 945 1436 1003 enim

315 1043 479 1123 placentae
489 1042 634 1122 propriae
644 1049 724 1114 sunt,
736 1044 925 1122 compositae
934 1062 973 1102 ex
981 1042 1063 1102 farre
1072 1043 1254 1103 fermentato
1266 1042 1346 1119 (Am.
1355 1046 1384 1118 4,
1394 1044 1435 1125 5),

317 1165 443 1224 quarum
463 1152 584 1204 sacrata
603 1143 746 1204 Jehovae
765 1165 827 1204 una
847 1145 1001 1205 sacerdoti
1020 1145 1163 1218 traditur,
1187 1147 1330 1223 sanguini
1350 1166 1436 1226 spar-

317 1246 418 1324 gendo
440 1247 491 1326 qui
510 1246 649 1325 praefuit
669 1246 746 1306 Lev.
769 1249 797 1318 7,
818 1249 868 1306 12.
890 1249 940 1306 14.
979 1246 1102 1306 Similes
1119 1247 1290 1307 Nasiraeus
1304 1242 1436 1327 ‘quoque

317 1347 543 1408 sacrificaturus
559 1349 591 1406 in
607 1349 740 1408 canistro
757 1355 902 1428 apportat
915 1348 1171 1429 Num.6,15sqq.
1197 1346 1305 1422 Qualis
1322 1349 1436 1409 oblatio

317 1471 423 1510 ansam
445 1448 540 1508 hahet
561 1451 594 1508 in
617 1469 706 1509 cocao
728 1450 786 1509 rite
809 1449 1012 1523 instituenda,
1037 1451 1085 1509 cui
1106 1450 1183 1508 nihil
1203 1451 1325 1510 omnino
1346 1449 1435 1525 desit,

318 1551 400 1634 quod
416 1551 456 1611 ad
470 1551 605 1631 opimam
621 1558 741 1631 spectat
756 1551 960 1611 dulcedinem.
981 1552 1019 1610 In
1034 1551 1166 1632 piaculis
1181 1553 1298 1632 pariter
1314 1551 1438 1632 quidem

318 1655 475 1735 epularum
498 1653 649 1734 quaedam
669 1654 762 1726 ratio,
786 1652 842 1714 sed
861 1654 906 1712 uti
926 1653 1119 1714 sacerdotum
1139 1661 1210 1712 sunt
1225 1654 1371 1727 solorum,
1393 1655 1439 1713 sic

318 1759 399 1816 inter
414 1757 541 1815 sacrarii
558 1775 696 1816 carceres
714 1763 745 1814 et
760 1757 827 1816 sine
843 1755 947 1836 ampla
962 1755 1108 1835 epulandi
1128 1757 1234 1835 specie
1255 1774 1438 1835 componen-

320 1859 388 1918 dae.
420 1857 535 1920 Contra
557 1857 737 1918 salutarium
761 1858 920 1938 opulentia
942 1855 1108 1918 effunditur
1128 1857 1177 1917 his
1199 1858 1276 1937 ipsis
1297 1856 1438 1936 dapibus.

320 1959 456 2035 Quarum
474 1968 508 2019 ut
526 1961 750 2040 perspiciamus
771 1960 864 2020 finem
883 1961 978 2040 inque
999 1978 1035 2019 eo
1051 1978 1149 2037 genus
1166 1967 1197 2019 et
1210 1959 1440 2039 proprietatem,

321 2063 395 2143 quid
407 2061 491 2124 lauta
500 2063 621 2122 omnino
629 2060 780 2121 Israelitis
790 2062 933 2122 convivia
941 2061 1056 2120 fuerint
1068 2060 1375 2140 circumspiciendum
1383 2068 1439 2120 est.

404 2166 442 2224 In
463 2163 601 2224 eruenda
620 2164 678 2224 hac
699 2183 732 2224 re
755 2165 807 2223 vix
827 2163 995 2244 quidquam
1015 2164 1128 2222 certius
1148 2182 1204 2222 uos
1221 2162 1325 2235 ducet,
1349 2183 1441 2242 quam

319 2268 396 2328 illud
418 2267 597 2327 vaticinium
616 2266 639 2327 J
641 2287 683 2326 es.
701 2266 755 2340 25,
771 2268 876 2340 s-·8,
901 2285 961 2346 quo
975 2265 1128 2345 propheta
1142 2264 1282 2344 pernicie
1296 2248 1442 2344 tyranno·

319 2392 385 2430 rum
407 2370 531 2450 depicta
550 2369 646 2428 refert
659 2369 810 2429 Israelitis
831 2377 1000 2428 extremam
1019 2368 1148 2428 salutem
1164 2366 1298 2428 Messiae
1312 2367 1444 2426 victoria

322 2471 520 2532 fundendam.
564 2469 709 2550 Concipit
738 2491 805 2530 eam
834 2491 990 2551 praesaga
1017 2490 1104 2531 mens
1134 2471 1294 2550 epularum
1322 2470 1442 2529 visione

322 2574 461 2635 omnibus
476 2573 649 2655 populisin
663 2573 759 2633 Zione
778 2581 881 2633 monte
900 2573 1148 2634 instruendamm
1169 2593 1208 2633 ex
1229 2573 1442 2651 pinguissimis

240 2722 255 2743 .
323 2678 414 2750 cibis,
435 2671 573 2737 merser
587 2677 670 2735 vino.
701 2673 790 2748 Quae
806 2676 850 2734 ita
864 2675 1069 2748 illustrantur,
1091 2684 1126 2734 ut
1141 2694 1220 2755 quae
1236 2675 1363 2733 istarum
1379 2673 1443 2751 glo-

321 2781 387 2840 riae
409 2799 445 2839 ao
464 2777 586 2857 gaudiis
607 2778 749 2858 opposita
769 2777 830 2836 sint
850 2779 975 2858 penitus
996 2778 1227 2854 extinguantur,
1250 2777 1323 2836 vela
1338 2776 1444 2835 duram

324 2883 492 2941 animorum
500 2889 621 2939 noctem
635 2879 822 2952 exhibentia,
839 2880 924 2940 illam
937 2899 1016 2960 quae
1028 2888 1193 2960 procreent
1204 2878 1338 2951 tristitia,
1354 2897 1443 2950 mors,

322 2985 437 3057 luctus,
460 2981 568 3062 populi
594 2981 738 3040 dedecus.
778 2981 903 3041 Summa
929 2982 1048 3041 telluris
1071 2982 1204 3053 laetitia,
1228 2980 1339 3039 beatae
1357 2981 1445 3058 pacis

324 3087 491 3146 formosum
520 3083 627 3156 decus,
658 3081 842 3162 tranquillae
872 3084 984 3163 quietis
1015 3082 1128 3141 festiva
1152 3081 1263 3158 gloria,
1296 3089 1445 3140 terrarum

326 3188 432 3267 optimi
456 3186 573 3246 fructus
595 3185 764 3265 possessio,
790 3204 849 3263 quo
873 3185 939 3243 vita
962 3184 1108 3242 fulciatur
1126 3204 1188 3243 non
1204 3183 1336 3262 amplius
1351 3183 1446 3242 multo

325 3289 437 3349 sudore
454 3307 494 3347 ex
509 3288 660 3366 angustiis
677 3285 878 3359 elaboranda,
906 3294 995 3364 grata
1009 3285 1143 3358 luxuria,
1172 3285 1250 3344 haec
1273 3293 1344 3343 sunt
1367 3303 1446 3364 quae

325 3393 392 3451 istis
414 3410 453 3449 ex
474 3390 572 3469 epulis
591 3389 712 3469 piorum
735 3387 890 3450 desiderio
909 3387 1121 3469 percipiuntur
1129 3389 1169 3467 ²¹⁸).
1198 3387 1241 3446 Et
1261 3385 1447 3445 sacrificales

327 3491 436 3554 eadem
459 3493 564 3572 specie
584 3491 755 3550 illustratae
777 3498 846 3550 sunt
868 3490 974 3570 dapes.
1011 3488 1094 3564 Quid
1111 3488 1192 3570 quod
1211 3489 1283 3567 lege
1303 3489 1447 3564 figuntur,

326 3604 360 3654 ut
376 3595 476 3654 vereri
493 3593 612 3653 discant
627 3592 790 3652 Israelitae
808 3591 899 3651 deum
913 3600 1065 3672 perpetuo
1080 3592 1174 3650 Deut.
1187 3594 1236 3662 14,
1246 3589 1308 3650 23?
1330 3590 1449 3648 Panem
1466 3629 1468 3635 ν

327 3718 359 3758 se
376 3697 565 3775 nuncupavit
579 3696 672 3766 vitae,
691 3695 742 3773 qui
755 3693 846 3752 saluti
859 3693 1047 3753 redimendis
1062 3694 1162 3752 suain
1171 3693 1236 3752 vita
1250 3689 1337 3751 dedit
1343 3691 1448 3764 vitam,

326 3799 400 3860 Joh.
417 3801 450 3870 6,
467 3798 576 3876 48**).
612 3796 656 3855 Et
676 3796 888 3856 sanctissimae
904 3795 991 3854 dedit
1011 3795 1131 3854 hostiae
1148 3801 1179 3854 et
1194 3812 1319 3852 carnem
1334 3800 1366 3850 et
1381 3813 1450 3851 san-

327 3901 460 3979 guinem,
475 3908 509 3959 ut
521 3898 845 3980 paccfortunarentur,
862 3897 1046 3977 quicumque
1054 3903 1238 3976 receperunt
1246 3895 1324 3973 ***).
1346 3895 1451 3954 David

326 4020 438 4028 ——-.——

413 4065 434 4130 *l
449 4071 578 4119 Sufficiunt
585 4070 648 4116 hacc
654 4068 687 4116 ad
694 4067 854 4116 refutandam
861 4068 1010 4115 ‹losnDaa
1016 4066 1150 4113 Michaelis
1157 4066 1365 4127 opinionemque
1371 4066 1452 4112 sacris

328 4157 411 4217 epulis
420 4155 522 4214 vulgari
531 4155 588 4202 usui
598 4154 766 4201 abosomcos
775 4151 938 4199 commendari
945 4152 995 4200 sihi
1004 4153 1142 4214 persuasit,
1154 4153 1218 4198 Mos.
1227 4151 1310 4198 Recht
1318 4152 1363 4198 IV.
1375 4167 1400 4212 p.
1412 4153 1453 4198 66.

398 4237 433 4300 **)
446 4241 471 4286 J.
484 4239 518 4288 D.
530 4239 677 4299 Michaelis,
690 4238 806 4299 typische
821 4237 965 4298 Gottesgel.
977 4253 1003 4300 p.
1017 4240 1057 4286 81.

383 4320 432 4386 ***)
445 4325 551 4372 Novalis
564 4323 692 4373 Schriften
703 4324 749 4372 m.
763 4339 789 4386 p.
802 4325 859 4372 269.
