3434 5067
743 465 1042 532 ,.6-Ι

278 641 402 696 restrem
417 639 581 693 exaratum.
619 632 777 694 Generalis
798 631 987 691 differentiae
1005 650 1095 708 sensu
1117 638 1281 691 commotus
1295 631 1397 710 legum

278 736 357 795 lator
371 735 542 794 discrimina
557 735 670 807 statuit,
686 735 729 793 ita
742 741 776 792 ut
791 741 821 793 et
835 734 942 792 ritibus
956 741 987 792 et
1000 733 1127 792 materia
1137 732 1323 792 oblationum
1336 732 1398 794 fixa

279 839 318 897 sit
333 857 400 896 cum
414 836 567 894 sacrificiis
582 836 687 894 intima
699 836 788 894 simul
801 835 993 893 cohaerentia
1007 841 1037 894 et
1052 834 1262 914 discrepantia.
1280 834 1399 894 Eadem

278 940 374 997 nitent
388 939 420 996 in
434 939 558 1012 ratione,
574 957 651 1017 quae
666 938 697 995 in
711 937 821 1014 tugurii
831 936 956 995 delubro
966 936 1004 994 ab
1014 955 1067 994 ara
1079 937 1250 1013 segregavit
1264 955 1398 996 mensam

279 1047 423 1099 auratam.
454 1037 515 1098 Sed
534 1059 625 1119 quum
644 1039 751 1098 victus
762 1057 903 1098 successu
921 1039 953 1095 in
971 1037 1145 1096 universum
1158 1035 1240 1095 haud
1254 1057 1322 1096 raro
1337 1057 1398 1096 una

279 1161 346 1202 oum
361 1141 456 1200 altera
466 1142 616 1200 coalescat
624 1141 740 1217 religio,
750 1139 857 1198 iisdem
868 1138 1018 1198 interdum
1032 1137 1201 1199 nominibus
1215 1138 1304 1197 modo
1313 1138 1397 1212 haee,

192 1297 195 1300 .
278 1243 366 1301 modo
389 1243 444 1301 illa
465 1239 608 1319 insignita
630 1249 707 1300 sunt.
737 1241 859 1300 Etenim
882 1240 1050 1300 oblationes
1071 1246 1188 1298 tantum
1210 1258 1272 1296 non
1294 1257 1398 1299 ornnes

279 1343 437 1402 sacrificali
452 1343 583 1422 quodam
598 1350 721 1402 ornatae
737 1349 884 1422 apparent
897 1342 965 1400 ritu.
990 1341 1080 1401 Unde
1093 1340 1226 1400 Rabbini
1240 1340 1324 1399 haud.
1336 1340 1397 1400 exi-

277 1465 368 1523 guam
383 1465 485 1504 earum
500 1440 720 1504 multitudinem
736 1444 776 1503 ad
790 1443 869 1502 ferta
883 1439 1018 1521 (unuln)
1042 1443 1214 1501 extulerunt
1228 1443 1284 1500 toti
1299 1449 1366 1500 coet
1389 1443 1396 1456 ¹

278 1547 493 1625 communia*).
523 1546 616 1604 Festa
635 1547 764 1604 maxime
777 1545 973 1604 Pentecostcs
992 1544 1071 1603 dono
1091 1543 1242 1602 adduntur
1254 1542 1330 1602 Lev.
1347 1546 1397 1618 23,

280 1649 421 1706 18—20.
452 1647 532 1722 Quid
546 1648 614 1706 vult
628 1648 684 1707 sibi
704 1647 817 1726 duplex
836 1646 912 1705 haec
926 1645 1129 1705 venerationis
1148 1644 1266 1704 forma?
1288 1646 1398 1704 Nonne
1444 1729 1449 1734 .

189 1827 191 1832 ,
277 1749 301 1807 J
303 1749 417 1807 eborae
432 1753 547 1808 coeleste
561 1749 831 1808 numentcrrestrir
841 1750 1069 1822 fondamentum
1087 1752 1134 1804 est
1152 1747 1347 1806 revelationis
1362 1766 1398 1806 ac
1481 1798 1487 1813 ,

273 1851 472 1928 principium?
493 1851 567 1909 Eius
584 1850 743 1920 efficacitas
760 1857 906 1909 terrarum
924 1850 956 1907 in
971 1848 1075 1907 ordine
1088 1868 1150 1906 non
1165 1855 1325 1928 spectatur,
1340 1849 1398 1907 nisi

278 1952 402 2011 coelesti
410 1951 536 2010 fundata
545 1951 692 2011 effecturis
701 1953 733 2010 in
741 1951 846 2029 gloria.
867 1950 979 2030 Populi
991 1957 1092 2009 autem
1104 1951 1253 2009 terrestris
1264 1949 1398 2023 historia,

257 2104 258 2107 ,
277 2054 322 2112 uti
336 2053 467 2112 humana
482 2053 536 2110 illa
550 2061 743 2133 promovetur
758 2071 793 2110 ac
807 2052 939 2111 naturali
957 2051 1083 2111 materie
1097 2059 1244 2130 concepta
1258 2052 1398 2112 deborae

207 2193 211 2200 ·
278 2153 422 2228 efficacia,
449 2155 492 2212 ita
513 2155 597 2214 firmo
620 2155 714 2235 ipsius
732 2154 763 2212 in
781 2153 985 2232 gubernaculo
1007 2159 1124 2210 scatent
1147 2153 1261 2226 omina,
1290 2153 1419 2232 quibus·

278 2256 411 2315 sancitur
424 2275 459 2314 ac
473 2255 587 2316 beatur.
617 2255 749 2316 Telluris
766 2255 920 2335 quaelibet
934 2272 1046 2313 corona
1060 2254 1186 2314 coelesti
1199 2253 1334 2313 radiatur
1348 2254 1398 2314 dei

277 2357 309 2416 in
322 2357 429 2436 gloria.

361 2459 518 2518 Donorum
533 2457 558 2515 si
571 2457 724 2536 pergimus
738 2458 770 2516 in
785 2457 1008 2532 distributione,
1022 2457 1110 2515 varia
1123 2476 1226 2517 rursus
1241 2457 1397 2519 sacrificio

277 2580 343 2619 rum
358 2579 424 2619 esse
438 2578 550 2637 genera
568 2561 628 2619 iam
648 2579 738 2639 supra
756 2559 970 2623 intelleximus.
1002 2557 1071 2617 Suis
1090 2559 1211 2637 singula
1227 2560 1398 2619 nominibus
1438 2595 1446 2602 -

195 2689 198 2693 ·
276 2662 378 2739 legum
393 2661 474 2720 lator
487 2661 620 2738 signavit
635 2668 665 2719 et
680 2661 877 2720 caerimoniis.
907 2660 1000 2719 Haud
1013 2660 1076 2718 vile
1089 2660 1122 2718 in
1135 2680 1168 2719 re
1182 2661 1286 2718 critica
1302 2681 1399 2740 nuper

276 2769 459 2822 momentum
474 2763 609 2841 quaestio
624 2770 714 2820 nacta
730 2770 775 2822 est
790 2761 828 2822 de
842 2763 948 2820 horum
961 2761 1133 2840 partitione.
1155 2761 1295 2841 Namque
1310 2762 1398 2820 sicui

276 2865 392 2943 placuit
406 2864 543 2942 scriptori
557 2883 617 2921 uno
633 2864 768 2923 alterove
783 2863 904 2922 nomine
914 2863 1014 2921 omnia
1025 2863 1084 2920 ista
1093 2846 1261 2942 complecti,
1277 2865 1398 2924 criticae

278 2965 375 3045 qualis
399 2964 490 3024 hodie
514 2971 670 3024 exercetur
683 2961 748 3022 'arti
770 2965 868 3023 visum
891 2971 948 3038 est,
975 2972 1010 3022 ut
1031 2983 1067 3023 ea
1088 2983 1213 3041 genera,
1238 2985 1315 3045 quae
1338 2985 1398 3023 non

277 3066 416 3126 distincte
426 3067 601 3146 appellavit,
616 3085 655 3126 ne
670 3067 790 3150 cognita
805 3067 927 3147 quidem
938 3066 1076 3126 habuerit
1083 3067 1186 3145 itaque
1195 3066 1399 3126 Leviticorum

279 3188 429 3227 sacrorum
445 3176 516 3226 tuuc
530 3188 666 3227 normam
680 3168 813 3228 nondum
823 3170 975 3228 exstitisse
984 3168 1022 3226 sit
1031 3174 1158 3226 testatus
1168 3165 1230 3244 **).
1250 3167 1298 3225 Tu
1307 3166 1397 3226 facile

277 3269 365 3328 huius
374 3269 490 3327 artificii
507 3270 683 3328 inanitatem
696 3264 886 3348 persequere,
902 3269 954 3327 ubi
969 3269 1042 3326 istos
1056 3287 1120 3326 non
1132 3266 1225 3347 plane
1238 3267 1397 3328 destitutos

278 3372 474 3428 sana'mente
497 3368 589 3428 luisse
611 3371 665 3429 tibi
687 3371 882 3449 persuaseris.
916 3369 1034 3428 Tamen
1056 3389 1148 3449 quum
1169 3375 1200 3428 et
1220 3371 1277 3428 viri
1292 3370 1328 3431 in
1347 3370 1396 3430 do-

278 3471 418 3530 strucndo
439 3491 537 3530 errore
555 3471 724 3550 paullulum
739 3491 757 3530 a
771 3480 853 3531 recta
868 3471 1024 3531 aberrasse
1038 3471 1210 3545 rideantur,
1231 3473 1398 3531 accuratius

278 3571 575 3652 circumspiciendum
592 3573 660 3647 crit,
676 3573 779 3653 qualia
793 3573 863 3632 Vet.
879 3573 964 3632 Test.
979 3593 1036 3632 usu
1052 3573 1089 3633 de
1103 3573 1254 3653 primariis
1269 3581 1398 3654 quatuor

279 3674 489 3734 sacrificiorum
503 3673 663 3752 generibus
679 3673 878 3734 stabiliantur.

365 3773 441 3834 Sunt
454 3776 595 3856 euimqui
608 3775 783 3850 eiuratione,
799 3795 859 3855 qua
873 3775 962 3834 modo
977 3767 1096 3850 nibli),
1111 3776 1200 3835 modo
1216 3781 1317 3840 0³1¹th
1330 3798 1398 3837 cum

278 3864 371 3938 nibli
387 3878 522 3956 copulari
537 3877 636 3936 solent
650 3877 797 3936 adomnia
811 3877 1023 3938 sacrificiorum
1035 3898 1148 3956 genera
1162 3879 1398 3959 complectenda,

279 3977 416 4037 Outrami
431 3979 488 4038 sibi
502 3978 680 4038 sententiam
694 3980 876 4059 sumpserint
888 3980 1083 4060 probandam,
1098 3982 1150 4063 qui
1163 4000 1240 4042 voce
1253 3984 1353 4044 nnbat
1366 3982 1398 4040 in

340 4209 364 4272 *J
376 4229 401 4261 v.
414 4215 563 4276 Hottiuger,
575 4191 632 4264 dur.
644 4216 723 4264 Hebr.
736 4217 799 4278 Leg.
812 4233 837 4280 p.
852 4220 909 4266 145.

324 4293 363 4358 “l
376 4299 406 4346 ln
418 4301 465 4347 tali
477 4301 671 4349 ratiocinatione
686 4301 849 4364 Grumbergii
861 4303 1000 4364 praecipue
1011 4309 1142 4353 versatum
1154 4308 1194 4352 eat
1205 4318 1319 4352 acumen.
