<?xml version="1.0" encoding="UTF-8"?>
<!DOCTYPE html PUBLIC "-//W3C//DTD XHTML 1.0 Transitional//EN"
    "http://www.w3.org/TR/xhtml1/DTD/xhtml1-transitional.dtd">
<html xmlns="http://www.w3.org/1999/xhtml" xml:lang="en" lang="en">
 <head>
  <title>
</title>
<meta http-equiv="Content-Type" content="text/html;charset=utf-8" />
  <meta name='ocr-system' content='tesseract 3.04.00' />
  <meta name='ocr-capabilities' content='ocr_page ocr_carea ocr_par ocr_line ocrx_word'/>
</head>
<body>
  <div class='ocr_page' id='page_1' title='image "./sacraveteristes00neumgoog_0033.png"; bbox 0 0 3434 5067; ppageno 0'>
   <div class='ocr_carea' id='block_1_1' title="bbox 770 454 979 540">
    <p class='ocr_par' dir='ltr' id='par_1_1' title="bbox 770 454 979 540">
     <span class='ocr_line' id='line_1_1' title="bbox 770 454 979 540; baseline -0.024 0"><span class='ocrx_word' id='word_1_1' title='bbox 770 454 979 540; x_wconf 43' lang='lat'><strong>&amp;31-</strong></span> 
     </span>
    </p>
   </div>
   <div class='ocr_carea' id='block_1_2' title="bbox 261 639 1482 3976">
    <p class='ocr_par' dir='ltr' id='par_1_2' title="bbox 261 639 1482 3976">
     <span class='ocr_line' id='line_1_2' title="bbox 314 639 1434 727; baseline -0.002 -20"><span class='ocrx_word' id='word_1_2' title='bbox 314 642 408 726; x_wconf 77' lang='grc' dir='ltr'><em>ἀμιγῆ</em></span> <span class='ocrx_word' id='word_1_3' title='bbox 433 647 534 704; x_wconf 82' lang='grc' dir='ltr'><strong><em>κακῶν</em></strong></span> <span class='ocrx_word' id='word_1_4' title='bbox 553 639 592 704; x_wconf 81' lang='grc' dir='ltr'><strong>τοὶ</strong></span> <span class='ocrx_word' id='word_1_5' title='bbox 613 639 721 726; x_wconf 71' lang='grc' dir='ltr'><em>ἀγαθὰ</em></span> <span class='ocrx_word' id='word_1_6' title='bbox 743 639 951 727; x_wconf 78' lang='grc' dir='ltr'><em>δωρούμενον,</em></span> <span class='ocrx_word' id='word_1_7' title='bbox 976 639 1084 723; x_wconf 79' lang='grc' dir='ltr'><strong><em>ὕμνοις</em></strong></span> <span class='ocrx_word' id='word_1_8' title='bbox 1107 643 1159 705; x_wconf 73' lang='grc' dir='ltr'><strong>καὶ</strong></span> <span class='ocrx_word' id='word_1_9' title='bbox 1177 641 1434 727; x_wconf 73' lang='grc' dir='ltr'><strong><em>εὖδαιμονισμοῖς,</em></strong></span> 
     </span>
     <span class='ocr_line' id='line_1_3' title="bbox 313 741 1434 827; baseline -0.001 -18"><span class='ocrx_word' id='word_1_10' title='bbox 313 747 439 816; x_wconf 73' lang='grc' dir='ltr'><strong><em>θυσίαις</em></strong></span> <span class='ocrx_word' id='word_1_11' title='bbox 457 767 489 807; x_wconf 83' lang='grc' dir='ltr'><strong>τε</strong></span> <span class='ocrx_word' id='word_1_12' title='bbox 509 745 559 807; x_wconf 78' lang='grc' dir='ltr'><strong>καὶ</strong></span> <span class='ocrx_word' id='word_1_13' title='bbox 579 751 646 816; x_wconf 76' lang='grc' dir='ltr'><strong><em>ταῖς</em></strong></span> <span class='ocrx_word' id='word_1_14' title='bbox 662 741 770 816; x_wconf 78' lang='grc' dir='ltr'><em>ἄλλαις</em></span> <span class='ocrx_word' id='word_1_15' title='bbox 786 743 990 827; x_wconf 75' lang='grc' dir='ltr'><strong><em>εὐχαριστιάις</em></strong></span> <span class='ocrx_word' id='word_1_16' title='bbox 1004 743 1118 826; x_wconf 79' lang='grc' dir='ltr'><em>εὐαγῶς</em></span> <span class='ocrx_word' id='word_1_17' title='bbox 1133 742 1336 825; x_wconf 72' lang='grc' dir='ltr'><em>ἀμείβεσθαι·</em></span> <span class='ocrx_word' id='word_1_18' title='bbox 1356 743 1375 807; x_wconf 77' lang='grc' dir='ltr'><em>ἃ</em></span> <span class='ocrx_word' id='word_1_19' title='bbox 1395 746 1434 827; x_wconf 72' lang='grc' dir='ltr'><strong>δὴ</strong></span> 
     </span>
     <span class='ocr_line' id='line_1_4' title="bbox 312 840 1432 929; baseline -0.001 -20"><span class='ocrx_word' id='word_1_20' title='bbox 312 843 398 910; x_wconf 76' lang='grc' dir='ltr'><em>πάντ’</em></span> <span class='ocrx_word' id='word_1_21' title='bbox 417 843 523 929; x_wconf 73' lang='grc' dir='ltr'><em>ἀθρόα</em></span> <span class='ocrx_word' id='word_1_22' title='bbox 540 840 715 926; x_wconf 76' lang='grc' dir='ltr'><em>συλλήβδην</em></span> <span class='ocrx_word' id='word_1_23' title='bbox 732 843 831 924; x_wconf 73' lang='grc' dir='ltr'><strong><em>ὄνομα</em></strong></span> <span class='ocrx_word' id='word_1_24' title='bbox 846 845 881 910; x_wconf 83' lang='grc' dir='ltr'><strong>τὸ</strong></span> <span class='ocrx_word' id='word_1_25' title='bbox 899 843 1045 927; x_wconf 61' lang='lat' dir='ltr'><strong>cindados</strong></span> <span class='ocrx_word' id='word_1_26' title='bbox 1061 844 1158 927; x_wconf 58' lang='grc' dir='ltr'><strong>ἔλαχε.</strong></span> <span class='ocrx_word' id='word_1_27' title='bbox 1188 849 1249 907; x_wconf 91' lang='lat' dir='ltr'><strong>Hic</strong></span> <span class='ocrx_word' id='word_1_28' title='bbox 1263 850 1355 927; x_wconf 84' lang='lat' dir='ltr'><strong>igitur</strong></span> <span class='ocrx_word' id='word_1_29' title='bbox 1366 850 1432 908; x_wconf 82' lang='lat' dir='ltr'><strong>-lau-</strong></span> 
     </span>
     <span class='ocr_line' id='line_1_5' title="bbox 313 948 1434 1030; baseline 0 -20"><span class='ocrx_word' id='word_1_30' title='bbox 313 951 442 1010; x_wconf 83' lang='lat' dir='ltr'><strong>dationis</strong></span> <span class='ocrx_word' id='word_1_31' title='bbox 456 951 570 1030; x_wconf 88' lang='lat' dir='ltr'><strong>pariter</strong></span> <span class='ocrx_word' id='word_1_32' title='bbox 584 956 737 1010; x_wconf 88' lang='lat' dir='ltr'><strong>momenta</strong></span> <span class='ocrx_word' id='word_1_33' title='bbox 750 948 841 1008; x_wconf 84' lang='lat' dir='ltr'><strong>latius</strong></span> <span class='ocrx_word' id='word_1_34' title='bbox 856 949 1145 1025; x_wconf 80' lang='lat' dir='ltr'><strong>iamexteuduutur,</strong></span> <span class='ocrx_word' id='word_1_35' title='bbox 1162 958 1195 1009; x_wconf 91' lang='lat' dir='ltr'><strong>ut</strong></span> <span class='ocrx_word' id='word_1_36' title='bbox 1210 958 1283 1030; x_wconf 89' lang='lat' dir='ltr'><strong>apta</strong></span> <span class='ocrx_word' id='word_1_37' title='bbox 1297 953 1336 1010; x_wconf 90' lang='lat' dir='ltr'><strong>sit</strong></span> <span class='ocrx_word' id='word_1_38' title='bbox 1350 953 1434 1010; x_wconf 92' lang='lat' dir='ltr'><strong>inuu-</strong></span> 
     </span>
     <span class='ocr_line' id='line_1_6' title="bbox 312 1051 1436 1133; baseline -0.002 -21"><span class='ocrx_word' id='word_1_39' title='bbox 312 1054 401 1112; x_wconf 81' lang='lat' dir='ltr'>meris</span> <span class='ocrx_word' id='word_1_40' title='bbox 422 1051 639 1112; x_wconf 86' lang='lat' dir='ltr'><strong>beneficentiae</strong></span> <span class='ocrx_word' id='word_1_41' title='bbox 662 1051 772 1126; x_wconf 77' lang='lat' dir='ltr'><strong>modia,</strong></span> <span class='ocrx_word' id='word_1_42' title='bbox 798 1072 888 1132; x_wconf 89' lang='lat' dir='ltr'><strong>quam</strong></span> <span class='ocrx_word' id='word_1_43' title='bbox 910 1053 1076 1130; x_wconf 82' lang='lat' dir='ltr'><strong>gratiosum</strong></span> <span class='ocrx_word' id='word_1_44' title='bbox 1094 1051 1234 1112; x_wconf 86' lang='lat' dir='ltr'><strong>Jehovae</strong></span> <span class='ocrx_word' id='word_1_45' title='bbox 1252 1073 1363 1112; x_wconf 89' lang='lat' dir='ltr'><strong>numen</strong></span> <span class='ocrx_word' id='word_1_46' title='bbox 1381 1074 1436 1133; x_wconf 87' lang='lat' dir='ltr'><strong>per</strong></span> 
     </span>
     <span class='ocr_line' id='line_1_7' title="bbox 312 1151 1433 1234; baseline 0.001 -22"><span class='ocrx_word' id='word_1_47' title='bbox 312 1163 422 1214; x_wconf 84' lang='lat' dir='ltr'><strong>terram</strong></span> <span class='ocrx_word' id='word_1_48' title='bbox 445 1152 566 1234; x_wconf 82' lang='lat' dir='ltr'><strong>spargit.</strong></span> <span class='ocrx_word' id='word_1_49' title='bbox 587 1187 631 1199; x_wconf 78' lang='lat'><strong>—-</strong></span> <span class='ocrx_word' id='word_1_50' title='bbox 658 1151 719 1212; x_wconf 85' lang='lat' dir='ltr'><strong>Sed</strong></span> <span class='ocrx_word' id='word_1_51' title='bbox 739 1172 801 1226; x_wconf 80' lang='lat' dir='ltr'><strong>non</strong></span> <span class='ocrx_word' id='word_1_52' title='bbox 824 1173 944 1233; x_wconf 79' lang='lat' dir='ltr'><strong>semper</strong></span> <span class='ocrx_word' id='word_1_53' title='bbox 969 1161 1032 1213; x_wconf 83' lang='lat' dir='ltr'><strong>tam</strong></span> <span class='ocrx_word' id='word_1_54' title='bbox 1055 1154 1135 1212; x_wconf 88' lang='lat' dir='ltr'><strong>clare</strong></span> <span class='ocrx_word' id='word_1_55' title='bbox 1159 1174 1263 1233; x_wconf 77' lang='lat' dir='ltr'><strong>sparsa</strong></span> <span class='ocrx_word' id='word_1_56' title='bbox 1284 1155 1433 1213; x_wconf 88' lang='lat' dir='ltr'><strong>mentibus</strong></span> 
     </span>
     <span class='ocr_line' id='line_1_8' title="bbox 313 1255 1434 1335; baseline 0 -21"><span class='ocrx_word' id='word_1_57' title='bbox 313 1257 487 1335; x_wconf 88' lang='lat' dir='ltr'><strong>concipitur.</strong></span> <span class='ocrx_word' id='word_1_58' title='bbox 517 1255 701 1334; x_wconf 80' lang='lat' dir='ltr'><strong>Temporum</strong></span> <span class='ocrx_word' id='word_1_59' title='bbox 715 1263 805 1313; x_wconf 87' lang='lat' dir='ltr'><strong>ruunt</strong></span> <span class='ocrx_word' id='word_1_60' title='bbox 819 1255 943 1333; x_wconf 84' lang='lat' dir='ltr'><strong>fugaces</strong></span> <span class='ocrx_word' id='word_1_61' title='bbox 958 1255 1063 1329; x_wconf 86' lang='lat' dir='ltr'><strong>horae,</strong></span> <span class='ocrx_word' id='word_1_62' title='bbox 1084 1255 1233 1315; x_wconf 84' lang='lat' dir='ltr'><strong>turbidam</strong></span> <span class='ocrx_word' id='word_1_63' title='bbox 1249 1257 1317 1315; x_wconf 89' lang='lat' dir='ltr'><strong>aevi</strong></span> <span class='ocrx_word' id='word_1_64' title='bbox 1333 1277 1434 1315; x_wconf 87' lang='lat' dir='ltr'><strong>secum</strong></span> 
     </span>
     <span class='ocr_line' id='line_1_9' title="bbox 311 1357 1433 1432; baseline -0.003 -14"><span class='ocrx_word' id='word_1_65' title='bbox 311 1358 440 1418; x_wconf 84' lang='lat' dir='ltr'><strong>volvunt</strong></span> <span class='ocrx_word' id='word_1_66' title='bbox 455 1377 568 1432; x_wconf 90' lang='lat' dir='ltr'><strong>curam,</strong></span> <span class='ocrx_word' id='word_1_67' title='bbox 592 1357 679 1416; x_wconf 92' lang='lat' dir='ltr'><strong>nullo</strong></span> <span class='ocrx_word' id='word_1_68' title='bbox 693 1357 818 1416; x_wconf 88' lang='lat' dir='ltr'><strong>coelitus</strong></span> <span class='ocrx_word' id='word_1_69' title='bbox 840 1357 968 1416; x_wconf 82' lang='lat' dir='ltr'><strong>fulmine</strong></span> <span class='ocrx_word' id='word_1_70' title='bbox 988 1358 1108 1417; x_wconf 86' lang='lat' dir='ltr'><strong>videtur</strong></span> <span class='ocrx_word' id='word_1_71' title='bbox 1126 1378 1271 1417; x_wconf 84' lang='lat' dir='ltr'><strong>concussa</strong></span> <span class='ocrx_word' id='word_1_72' title='bbox 1289 1359 1371 1416; x_wconf 85' lang='lat' dir='ltr'><strong>vitae</strong></span> <span class='ocrx_word' id='word_1_73' title='bbox 1390 1358 1433 1415; x_wconf 94' lang='lat' dir='ltr'><strong>in-</strong></span> 
     </span>
     <span class='ocr_line' id='line_1_10' title="bbox 312 1458 1433 1537; baseline 0 -19"><span class='ocrx_word' id='word_1_74' title='bbox 312 1460 431 1518; x_wconf 88' lang='lat' dir='ltr'><strong>stantia.</strong></span> <span class='ocrx_word' id='word_1_75' title='bbox 446 1460 564 1518; x_wconf 83' lang='lat' dir='ltr'><strong>Tamen</strong></span> <span class='ocrx_word' id='word_1_76' title='bbox 580 1458 761 1518; x_wconf 88' lang='lat' dir='ltr'><strong>desiderium</strong></span> <span class='ocrx_word' id='word_1_77' title='bbox 775 1460 859 1536; x_wconf 84' lang='lat' dir='ltr'><strong>viget</strong></span> <span class='ocrx_word' id='word_1_78' title='bbox 873 1460 905 1516; x_wconf 91' lang='lat' dir='ltr'><strong>in</strong></span> <span class='ocrx_word' id='word_1_79' title='bbox 919 1458 1105 1537; x_wconf 78' lang='lat' dir='ltr'><strong>praecordiis</strong></span> <span class='ocrx_word' id='word_1_80' title='bbox 1119 1461 1270 1536; x_wconf 82' lang='lat' dir='ltr'><strong>gratiosae</strong></span> <span class='ocrx_word' id='word_1_81' title='bbox 1285 1459 1335 1518; x_wconf 90' lang='lat' dir='ltr'><strong>dei</strong></span> <span class='ocrx_word' id='word_1_82' title='bbox 1349 1479 1433 1519; x_wconf 85' lang='lat' dir='ltr'><strong>reve·</strong></span> 
     </span>
     <span class='ocr_line' id='line_1_11' title="bbox 311 1559 1434 1639; baseline -0.001 -19"><span class='ocrx_word' id='word_1_83' title='bbox 311 1563 442 1621; x_wconf 90' lang='lat' dir='ltr'><strong>lationis.</strong></span> <span class='ocrx_word' id='word_1_84' title='bbox 477 1561 596 1620; x_wconf 84' lang='lat' dir='ltr'><strong>Audaci</strong></span> <span class='ocrx_word' id='word_1_85' title='bbox 616 1581 682 1619; x_wconf 90' lang='lat' dir='ltr'><strong>cum</strong></span> <span class='ocrx_word' id='word_1_86' title='bbox 701 1559 847 1620; x_wconf 88' lang='lat' dir='ltr'><strong>violentia</strong></span> <span class='ocrx_word' id='word_1_87' title='bbox 869 1580 935 1619; x_wconf 87' lang='lat' dir='ltr'><strong>eam</strong></span> <span class='ocrx_word' id='word_1_88' title='bbox 956 1568 1131 1639; x_wconf 83' lang='lat' dir='ltr'><strong>oppugnant</strong></span> <span class='ocrx_word' id='word_1_89' title='bbox 1149 1561 1201 1639; x_wconf 91' lang='lat' dir='ltr'><strong>pio</strong></span> <span class='ocrx_word' id='word_1_90' title='bbox 1221 1569 1302 1618; x_wconf 86' lang='lat' dir='ltr'><strong>voto.</strong></span> <span class='ocrx_word' id='word_1_91' title='bbox 1338 1561 1434 1621; x_wconf 86' lang='lat' dir='ltr'><strong>Audit</strong></span> 
     </span>
     <span class='ocr_line' id='line_1_12' title="bbox 311 1653 1432 1742; baseline -0.002 -19"><span class='ocrx_word' id='word_1_92' title='bbox 311 1655 417 1723; x_wconf 86' lang='lat' dir='ltr'><strong>vocem</strong></span> <span class='ocrx_word' id='word_1_93' title='bbox 436 1663 604 1722; x_wconf 91' lang='lat' dir='ltr'><strong>devotionis</strong></span> <span class='ocrx_word' id='word_1_94' title='bbox 624 1662 647 1722; x_wconf 84' lang='lat' dir='ltr'><strong>J</strong></span> <span class='ocrx_word' id='word_1_95' title='bbox 649 1653 778 1737; x_wconf 85' lang='lat' dir='ltr'><strong>ehovah,</strong></span> <span class='ocrx_word' id='word_1_96' title='bbox 802 1682 894 1742; x_wconf 93' lang='lat' dir='ltr'><strong>quum</strong></span> <span class='ocrx_word' id='word_1_97' title='bbox 912 1663 1080 1736; x_wconf 84' lang='lat' dir='ltr'><strong>invocatur,</strong></span> <span class='ocrx_word' id='word_1_98' title='bbox 1099 1663 1256 1720; x_wconf 84' lang='lat' dir='ltr'><strong>miseretur</strong></span> <span class='ocrx_word' id='word_1_99' title='bbox 1269 1663 1321 1722; x_wconf 86' lang='lat' dir='ltr'><strong>Ps.</strong></span> <span class='ocrx_word' id='word_1_100' title='bbox 1337 1664 1387 1736; x_wconf 79' lang='lat'><strong>27,</strong></span> <span class='ocrx_word' id='word_1_101' title='bbox 1404 1665 1432 1721; x_wconf 83' lang='lat'><strong>7.</strong></span> 
     </span>
     <span class='ocr_line' id='line_1_13' title="bbox 312 1759 1434 1843; baseline -0.002 -19"><span class='ocrx_word' id='word_1_102' title='bbox 312 1767 421 1825; x_wconf 81' lang='lat' dir='ltr'><strong>Denuo</strong></span> <span class='ocrx_word' id='word_1_103' title='bbox 449 1765 554 1823; x_wconf 89' lang='lat' dir='ltr'><strong>salutis</strong></span> <span class='ocrx_word' id='word_1_104' title='bbox 578 1765 733 1823; x_wconf 87' lang='lat' dir='ltr'><strong>flammant</strong></span> <span class='ocrx_word' id='word_1_105' title='bbox 755 1763 877 1837; x_wconf 86' lang='lat' dir='ltr'><strong>decora,</strong></span> <span class='ocrx_word' id='word_1_106' title='bbox 908 1771 939 1823; x_wconf 89' lang='lat' dir='ltr'><strong>et</strong></span> <span class='ocrx_word' id='word_1_107' title='bbox 960 1772 1064 1822; x_wconf 87' lang='lat' dir='ltr'><strong>votum</strong></span> <span class='ocrx_word' id='word_1_108' title='bbox 1088 1764 1208 1822; x_wconf 87' lang='lat' dir='ltr'><strong>solvens</strong></span> <span class='ocrx_word' id='word_1_109' title='bbox 1233 1759 1310 1843; x_wconf 63' lang='grc' dir='ltr'><strong>[Ἧῧ]</strong></span> <span class='ocrx_word' id='word_1_110' title='bbox 1334 1763 1434 1822; x_wconf 89' lang='lat' dir='ltr'><strong>fundit</strong></span> 
     </span>
     <span class='ocr_line' id='line_1_14' title="bbox 311 1864 1433 1944; baseline -0.002 -18"><span class='ocrx_word' id='word_1_111' title='bbox 311 1867 494 1926; x_wconf 85' lang='lat' dir='ltr'><strong>verecundia</strong></span> <span class='ocrx_word' id='word_1_112' title='bbox 513 1866 600 1924; x_wconf 92' lang='lat' dir='ltr'><strong>huius</strong></span> <span class='ocrx_word' id='word_1_113' title='bbox 619 1873 741 1924; x_wconf 90' lang='lat' dir='ltr'><strong>motum.</strong></span> <span class='ocrx_word' id='word_1_114' title='bbox 775 1865 854 1924; x_wconf 93' lang='lat' dir='ltr'><strong>Aliis</strong></span> <span class='ocrx_word' id='word_1_115' title='bbox 874 1885 935 1924; x_wconf 91' lang='lat' dir='ltr'><strong>uon</strong></span> <span class='ocrx_word' id='word_1_116' title='bbox 955 1865 1057 1924; x_wconf 86' lang='lat' dir='ltr'><strong>lucent</strong></span> <span class='ocrx_word' id='word_1_117' title='bbox 1076 1865 1147 1924; x_wconf 85' lang='lat' dir='ltr'><strong>diva</strong></span> <span class='ocrx_word' id='word_1_118' title='bbox 1166 1864 1286 1944; x_wconf 83' lang='lat' dir='ltr'><strong>gaudio.</strong></span> <span class='ocrx_word' id='word_1_119' title='bbox 1316 1864 1433 1924; x_wconf 83' lang='lat' dir='ltr'><strong>Stellae</strong></span> 
     </span>
     <span class='ocr_line' id='line_1_15' title="bbox 261 1953 1434 2050; baseline -0.002 -22"><span class='ocrx_word' id='word_1_120' title='bbox 261 1953 267 1962; x_wconf 36' lang='lat'>¹</span> <span class='ocrx_word' id='word_1_121' title='bbox 312 1969 445 2050; x_wconf 89' lang='lat' dir='ltr'><strong>undique</strong></span> <span class='ocrx_word' id='word_1_122' title='bbox 467 1968 671 2027; x_wconf 84' lang='lat' dir='ltr'><strong>obscurantur.</strong></span> <span class='ocrx_word' id='word_1_123' title='bbox 709 1967 827 2026; x_wconf 81' lang='lat' dir='ltr'><strong>Tamen</strong></span> <span class='ocrx_word' id='word_1_124' title='bbox 850 1987 906 2048; x_wconf 93' lang='lat' dir='ltr'><strong>per</strong></span> <span class='ocrx_word' id='word_1_125' title='bbox 927 1974 1045 2026; x_wconf 88' lang='lat' dir='ltr'><strong>noctem</strong></span> <span class='ocrx_word' id='word_1_126' title='bbox 1068 1967 1273 2026; x_wconf 85' lang='lat' dir='ltr'><strong>clandestinae</strong></span> <span class='ocrx_word' id='word_1_127' title='bbox 1296 1975 1434 2045; x_wconf 87' lang='lat' dir='ltr'><strong>strepunt</strong></span> 
     </span>
     <span class='ocr_line' id='line_1_16' title="bbox 311 2052 1432 2148; baseline -0.004 -18"><span class='ocrx_word' id='word_1_128' title='bbox 311 2091 410 2144; x_wconf 84' lang='lat' dir='ltr'><strong>voces.</strong></span> <span class='ocrx_word' id='word_1_129' title='bbox 444 2071 529 2130; x_wconf 90' lang='lat' dir='ltr'><strong>Lene</strong></span> <span class='ocrx_word' id='word_1_130' title='bbox 548 2071 633 2129; x_wconf 89' lang='lat' dir='ltr'><strong>iniis</strong></span> <span class='ocrx_word' id='word_1_131' title='bbox 652 2069 737 2128; x_wconf 85' lang='lat' dir='ltr'><strong>halat</strong></span> <span class='ocrx_word' id='word_1_132' title='bbox 757 2070 923 2148; x_wconf 88' lang='lat' dir='ltr'><strong>suspirium.</strong></span> <span class='ocrx_word' id='word_1_133' title='bbox 958 2068 1026 2143; x_wconf 81' lang='lat' dir='ltr'><strong>Quo</strong></span> <span class='ocrx_word' id='word_1_134' title='bbox 1040 2052 1180 2148; x_wconf 87' lang='lat' dir='ltr'><strong>perculsa</strong></span> <span class='ocrx_word' id='word_1_135' title='bbox 1194 2069 1306 2128; x_wconf 86' lang='lat' dir='ltr'><strong>fatetur</strong></span> <span class='ocrx_word' id='word_1_136' title='bbox 1321 2070 1432 2147; x_wconf 86' lang='lat' dir='ltr'><strong>suppli-</strong></span> 
     </span>
     <span class='ocr_line' id='line_1_17' title="bbox 312 2170 1433 2248; baseline -0.003 -17"><span class='ocrx_word' id='word_1_137' title='bbox 312 2174 405 2231; x_wconf 84' lang='lat' dir='ltr'><strong>catio:</strong></span> <span class='ocrx_word' id='word_1_138' title='bbox 424 2171 568 2246; x_wconf 76' lang='lat' dir='ltr'><strong>Quamvis</strong></span> <span class='ocrx_word' id='word_1_139' title='bbox 584 2173 657 2231; x_wconf 88' lang='lat' dir='ltr'><strong>irem</strong></span> <span class='ocrx_word' id='word_1_140' title='bbox 673 2171 813 2230; x_wconf 85' lang='lat' dir='ltr'><strong>umbrosa</strong></span> <span class='ocrx_word' id='word_1_141' title='bbox 828 2172 931 2230; x_wconf 87' lang='lat' dir='ltr'><strong>mortis</strong></span> <span class='ocrx_word' id='word_1_142' title='bbox 947 2172 978 2229; x_wconf 92' lang='lat' dir='ltr'><strong>in</strong></span> <span class='ocrx_word' id='word_1_143' title='bbox 992 2171 1089 2245; x_wconf 87' lang='lat' dir='ltr'><strong>valle,</strong></span> <span class='ocrx_word' id='word_1_144' title='bbox 1109 2171 1181 2228; x_wconf 90' lang='lat' dir='ltr'><strong>mali</strong></span> <span class='ocrx_word' id='word_1_145' title='bbox 1196 2170 1272 2248; x_wconf 78' lang='lat' dir='ltr'><strong>nihil</strong></span> <span class='ocrx_word' id='word_1_146' title='bbox 1287 2171 1433 2244; x_wconf 86' lang='lat' dir='ltr'><strong>timerem,</strong></span> 
     </span>
     <span class='ocr_line' id='line_1_18' title="bbox 313 2272 1482 2353; baseline -0.002 -21"><span class='ocrx_word' id='word_1_147' title='bbox 313 2275 383 2353; x_wconf 89' lang='lat' dir='ltr'><strong>quia</strong></span> <span class='ocrx_word' id='word_1_148' title='bbox 397 2282 431 2333; x_wconf 89' lang='lat' dir='ltr'><strong>tu</strong></span> <span class='ocrx_word' id='word_1_149' title='bbox 445 2293 561 2334; x_wconf 91' lang='lat' dir='ltr'><strong>mecum</strong></span> <span class='ocrx_word' id='word_1_150' title='bbox 577 2293 623 2348; x_wconf 79' lang='lat' dir='ltr'><strong>es,</strong></span> <span class='ocrx_word' id='word_1_151' title='bbox 641 2274 786 2352; x_wconf 87' lang='lat' dir='ltr'><strong>virgaque</strong></span> <span class='ocrx_word' id='word_1_152' title='bbox 801 2280 855 2331; x_wconf 90' lang='lat' dir='ltr'><strong>tua</strong></span> <span class='ocrx_word' id='word_1_153' title='bbox 870 2280 900 2331; x_wconf 92' lang='lat' dir='ltr'><strong>et</strong></span> <span class='ocrx_word' id='word_1_154' title='bbox 913 2272 1055 2331; x_wconf 88' lang='lat' dir='ltr'><strong>baculum</strong></span> <span class='ocrx_word' id='word_1_155' title='bbox 1069 2280 1151 2344; x_wconf 83' lang='lat' dir='ltr'><strong>sunt,</strong></span> <span class='ocrx_word' id='word_1_156' title='bbox 1172 2291 1251 2351; x_wconf 86' lang='lat' dir='ltr'><strong>quae</strong></span> <span class='ocrx_word' id='word_1_157' title='bbox 1266 2292 1314 2332; x_wconf 91' lang='lat' dir='ltr'><strong>me</strong></span> <span class='ocrx_word' id='word_1_158' title='bbox 1329 2293 1432 2332; x_wconf 89' lang='lat' dir='ltr'><strong>conso·</strong></span> <span class='ocrx_word' id='word_1_159' title='bbox 1479 2342 1482 2348; x_wconf 19' lang='grc' dir='ltr'><strong>Δ</strong></span> 
     </span>
     <span class='ocr_line' id='line_1_19' title="bbox 283 2373 1431 2454; baseline 0.002 -22"><span class='ocrx_word' id='word_1_160' title='bbox 283 2421 284 2426; x_wconf 56' lang='grc'>,</span> <span class='ocrx_word' id='word_1_161' title='bbox 312 2374 462 2434; x_wconf 88' lang='lat' dir='ltr'><strong>labuntur.</strong></span> <span class='ocrx_word' id='word_1_162' title='bbox 482 2375 533 2434; x_wconf 90' lang='lat' dir='ltr'><strong>Ps.</strong></span> <span class='ocrx_word' id='word_1_163' title='bbox 548 2377 598 2448; x_wconf 82' lang='lat'><strong>23,</strong></span> <span class='ocrx_word' id='word_1_164' title='bbox 612 2376 641 2432; x_wconf 84' lang='lat'><strong>4.</strong></span> <span class='ocrx_word' id='word_1_165' title='bbox 665 2373 699 2433; x_wconf 79' lang='lat' dir='ltr'><strong>si</strong></span> <span class='ocrx_word' id='word_1_166' title='bbox 713 2374 873 2454; x_wconf 82' lang='lat' dir='ltr'><strong>absumpta</strong></span> <span class='ocrx_word' id='word_1_167' title='bbox 888 2382 933 2432; x_wconf 88' lang='lat' dir='ltr'><strong>est</strong></span> <span class='ocrx_word' id='word_1_168' title='bbox 948 2394 1016 2432; x_wconf 90' lang='lat' dir='ltr'><strong>caro</strong></span> <span class='ocrx_word' id='word_1_169' title='bbox 1031 2394 1100 2432; x_wconf 89' lang='lat' dir='ltr'><strong>mea</strong></span> <span class='ocrx_word' id='word_1_170' title='bbox 1115 2382 1145 2433; x_wconf 92' lang='lat' dir='ltr'><strong>et</strong></span> <span class='ocrx_word' id='word_1_171' title='bbox 1161 2394 1332 2449; x_wconf 83' lang='lat' dir='ltr'><strong>cormeum,</strong></span> <span class='ocrx_word' id='word_1_172' title='bbox 1348 2375 1431 2449; x_wconf 83' lang='lat' dir='ltr'><strong>deus,</strong></span> 
     </span>
     <span class='ocr_line' id='line_1_20' title="bbox 312 2475 1431 2556; baseline 0.003 -23"><span class='ocrx_word' id='word_1_173' title='bbox 312 2483 344 2534; x_wconf 86' lang='lat' dir='ltr'><strong>tu</strong></span> <span class='ocrx_word' id='word_1_174' title='bbox 363 2495 452 2556; x_wconf 88' lang='lat' dir='ltr'><strong>rupes</strong></span> <span class='ocrx_word' id='word_1_175' title='bbox 473 2495 504 2534; x_wconf 90' lang='lat' dir='ltr'><strong>es</strong></span> <span class='ocrx_word' id='word_1_176' title='bbox 524 2477 615 2533; x_wconf 88' lang='lat' dir='ltr'><strong>animi</strong></span> <span class='ocrx_word' id='word_1_177' title='bbox 634 2475 701 2534; x_wconf 92' lang='lat' dir='ltr'><strong>mei</strong></span> <span class='ocrx_word' id='word_1_178' title='bbox 713 2482 743 2533; x_wconf 90' lang='lat' dir='ltr'><strong>et</strong></span> <span class='ocrx_word' id='word_1_179' title='bbox 761 2475 859 2554; x_wconf 88' lang='lat' dir='ltr'><strong>portio</strong></span> <span class='ocrx_word' id='word_1_180' title='bbox 880 2495 948 2533; x_wconf 88' lang='lat' dir='ltr'><strong>mea</strong></span> <span class='ocrx_word' id='word_1_181' title='bbox 966 2476 997 2533; x_wconf 90' lang='lat' dir='ltr'><strong>in</strong></span> <span class='ocrx_word' id='word_1_182' title='bbox 1016 2484 1202 2555; x_wconf 89' lang='lat' dir='ltr'><strong>perpetuum.</strong></span> <span class='ocrx_word' id='word_1_183' title='bbox 1235 2475 1287 2533; x_wconf 90' lang='lat' dir='ltr'><strong>Ps.</strong></span> <span class='ocrx_word' id='word_1_184' title='bbox 1308 2480 1361 2550; x_wconf 82' lang='lat'><strong>73,</strong></span> <span class='ocrx_word' id='word_1_185' title='bbox 1382 2480 1431 2536; x_wconf 80' lang='lat'><strong>26.</strong></span> 
     </span>
     <span class='ocr_line' id='line_1_21' title="bbox 311 2577 1431 2654; baseline 0.001 -20"><span class='ocrx_word' id='word_1_186' title='bbox 311 2577 446 2637; x_wconf 79' lang='lat' dir='ltr'><strong>Felicem</strong></span> <span class='ocrx_word' id='word_1_187' title='bbox 460 2577 538 2636; x_wconf 90' lang='lat' dir='ltr'><strong>hanc</strong></span> <span class='ocrx_word' id='word_1_188' title='bbox 554 2578 770 2654; x_wconf 84' lang='lat' dir='ltr'><strong>iutegritatem!</strong></span> <span class='ocrx_word' id='word_1_189' title='bbox 801 2577 824 2637; x_wconf 90' lang='lat' dir='ltr'><strong>J</strong></span> <span class='ocrx_word' id='word_1_190' title='bbox 826 2577 954 2636; x_wconf 84' lang='lat' dir='ltr'><strong>ehovcm</strong></span> <span class='ocrx_word' id='word_1_191' title='bbox 973 2578 1046 2636; x_wconf 90' lang='lat' dir='ltr'><strong>colit</strong></span> <span class='ocrx_word' id='word_1_192' title='bbox 1065 2577 1273 2636; x_wconf 86' lang='lat' dir='ltr'><strong>ardentissimo</strong></span> <span class='ocrx_word' id='word_1_193' title='bbox 1291 2598 1356 2635; x_wconf 91' lang='lat' dir='ltr'><strong>cum</strong></span> <span class='ocrx_word' id='word_1_194' title='bbox 1372 2585 1431 2635; x_wconf 90' lang='lat' dir='ltr'><strong>stu-</strong></span> 
     </span>
     <span class='ocr_line' id='line_1_22' title="bbox 312 2678 1432 2757; baseline 0 -19"><span class='ocrx_word' id='word_1_195' title='bbox 312 2680 375 2754; x_wconf 81' lang='lat' dir='ltr'><strong>dio,</strong></span> <span class='ocrx_word' id='word_1_196' title='bbox 400 2681 513 2738; x_wconf 89' lang='lat' dir='ltr'><strong>eteius</strong></span> <span class='ocrx_word' id='word_1_197' title='bbox 532 2680 631 2756; x_wconf 85' lang='lat' dir='ltr'><strong>gratia</strong></span> <span class='ocrx_word' id='word_1_198' title='bbox 646 2678 758 2738; x_wconf 85' lang='lat' dir='ltr'><strong>suffusa</strong></span> <span class='ocrx_word' id='word_1_199' title='bbox 777 2680 808 2738; x_wconf 93' lang='lat' dir='ltr'><strong>in</strong></span> <span class='ocrx_word' id='word_1_200' title='bbox 828 2679 974 2738; x_wconf 83' lang='lat' dir='ltr'><strong>altaribus</strong></span> <span class='ocrx_word' id='word_1_201' title='bbox 994 2681 1126 2737; x_wconf 83' lang='lat' dir='ltr'><strong>cumulat</strong></span> <span class='ocrx_word' id='word_1_202' title='bbox 1146 2699 1285 2752; x_wconf 83' lang='lat' dir='ltr'><strong>munera,</strong></span> <span class='ocrx_word' id='word_1_203' title='bbox 1306 2699 1432 2757; x_wconf 88' lang='lat' dir='ltr'><strong>quorum</strong></span> 
     </span>
     <span class='ocr_line' id='line_1_23' title="bbox 311 2763 1430 2860; baseline -0.003 -21"><span class='ocrx_word' id='word_1_204' title='bbox 311 2781 445 2840; x_wconf 87' lang='lat' dir='ltr'><strong>liberalis</strong></span> <span class='ocrx_word' id='word_1_205' title='bbox 467 2782 553 2860; x_wconf 89' lang='lat' dir='ltr'><strong>copia</strong></span> <span class='ocrx_word' id='word_1_206' title='bbox 574 2776 677 2860; x_wconf 67' lang='lat' dir='ltr'><strong>[ffi&#39;b]</strong></span> <span class='ocrx_word' id='word_1_207' title='bbox 697 2763 824 2840; x_wconf 81' lang='lat' dir='ltr'><strong>honoret</strong></span> <span class='ocrx_word' id='word_1_208' title='bbox 845 2788 1008 2840; x_wconf 84' lang='lat' dir='ltr'><strong>aeternam.</strong></span> <span class='ocrx_word' id='word_1_209' title='bbox 1044 2782 1126 2857; x_wconf 84' lang='lat' dir='ltr'><strong>Ergo</strong></span> <span class='ocrx_word' id='word_1_210' title='bbox 1148 2781 1206 2837; x_wconf 87' lang='lat' dir='ltr'><strong>tria</strong></span> <span class='ocrx_word' id='word_1_211' title='bbox 1225 2779 1301 2840; x_wconf 90' lang='lat' dir='ltr'><strong>baec</strong></span> <span class='ocrx_word' id='word_1_212' title='bbox 1322 2779 1430 2838; x_wconf 83' lang='lat' dir='ltr'><strong>sacrifi-</strong></span> 
     </span>
     <span class='ocr_line' id='line_1_24' title="bbox 312 2868 1431 2963; baseline 0 -24"><span class='ocrx_word' id='word_1_213' title='bbox 312 2884 424 2940; x_wconf 87' lang='lat' dir='ltr'><strong>ciorum</strong></span> <span class='ocrx_word' id='word_1_214' title='bbox 445 2901 557 2957; x_wconf 88' lang='lat' dir='ltr'><strong>genera</strong></span> <span class='ocrx_word' id='word_1_215' title='bbox 580 2901 619 2940; x_wconf 79' lang='lat' dir='ltr'><strong>ex</strong></span> <span class='ocrx_word' id='word_1_216' title='bbox 640 2881 745 2940; x_wconf 87' lang='lat' dir='ltr'><strong>eodem</strong></span> <span class='ocrx_word' id='word_1_217' title='bbox 768 2883 873 2941; x_wconf 86' lang='lat' dir='ltr'><strong>salutis</strong></span> <span class='ocrx_word' id='word_1_218' title='bbox 899 2868 1045 2963; x_wconf 81' lang='lat' dir='ltr'><strong>conceptu</strong></span> <span class='ocrx_word' id='word_1_219' title='bbox 1069 2875 1201 2962; x_wconf 61' lang='grc' dir='ltr'><strong>[ΕἿὉΒΨ]</strong></span> <span class='ocrx_word' id='word_1_220' title='bbox 1226 2889 1374 2963; x_wconf 85' lang='lat' dir='ltr'><strong>prognata</strong></span> <span class='ocrx_word' id='word_1_221' title='bbox 1393 2881 1431 2939; x_wconf 89' lang='lat' dir='ltr'><strong>ad</strong></span> 
     </span>
     <span class='ocr_line' id='line_1_25' title="bbox 313 2981 1433 3060; baseline -0.001 -18"><span class='ocrx_word' id='word_1_222' title='bbox 313 2981 440 3042; x_wconf 88' lang='lat' dir='ltr'><strong>eundem</strong></span> <span class='ocrx_word' id='word_1_223' title='bbox 458 2983 610 3060; x_wconf 84' lang='lat' dir='ltr'><strong>pertinent</strong></span> <span class='ocrx_word' id='word_1_224' title='bbox 629 2981 853 3055; x_wconf 87' lang='lat' dir='ltr'><strong>celebrandum,</strong></span> <span class='ocrx_word' id='word_1_225' title='bbox 876 2992 909 3042; x_wconf 90' lang='lat' dir='ltr'><strong>ut</strong></span> <span class='ocrx_word' id='word_1_226' title='bbox 929 2983 986 3042; x_wconf 95' lang='lat' dir='ltr'><strong>hoc</strong></span> <span class='ocrx_word' id='word_1_227' title='bbox 1005 2983 1102 3042; x_wconf 88' lang='lat' dir='ltr'><strong>halitu</strong></span> <span class='ocrx_word' id='word_1_228' title='bbox 1121 3003 1222 3041; x_wconf 89' lang='lat' dir='ltr'><strong>rursus</strong></span> <span class='ocrx_word' id='word_1_229' title='bbox 1238 2983 1339 3041; x_wconf 86' lang='lat' dir='ltr'><strong>vitalis</strong></span> <span class='ocrx_word' id='word_1_230' title='bbox 1354 2984 1433 3042; x_wconf 87' lang='lat' dir='ltr'><strong>inter</strong></span> 
     </span>
     <span class='ocr_line' id='line_1_26' title="bbox 312 3081 1431 3163; baseline -0.002 -19"><span class='ocrx_word' id='word_1_231' title='bbox 312 3105 348 3144; x_wconf 86' lang='lat' dir='ltr'><strong>ea</strong></span> <span class='ocrx_word' id='word_1_232' title='bbox 364 3091 546 3142; x_wconf 87' lang='lat' dir='ltr'><strong>sustentetur</strong></span> <span class='ocrx_word' id='word_1_233' title='bbox 565 3102 719 3162; x_wconf 87' lang='lat' dir='ltr'><strong>compago.</strong></span> <span class='ocrx_word' id='word_1_234' title='bbox 755 3081 850 3140; x_wconf 76' lang='lat' dir='ltr'><strong>Simul</strong></span> <span class='ocrx_word' id='word_1_235' title='bbox 871 3091 972 3141; x_wconf 90' lang='lat' dir='ltr'><strong>autem</strong></span> <span class='ocrx_word' id='word_1_236' title='bbox 991 3083 1132 3142; x_wconf 84' lang='lat' dir='ltr'><strong>distincta</strong></span> <span class='ocrx_word' id='word_1_237' title='bbox 1150 3091 1232 3158; x_wconf 87' lang='lat' dir='ltr'><strong>suut,</strong></span> <span class='ocrx_word' id='word_1_238' title='bbox 1253 3104 1344 3163; x_wconf 91' lang='lat' dir='ltr'><strong>quum</strong></span> <span class='ocrx_word' id='word_1_239' title='bbox 1363 3105 1431 3144; x_wconf 87' lang='lat' dir='ltr'><strong>oon-</strong></span> 
     </span>
     <span class='ocr_line' id='line_1_27' title="bbox 313 3183 1433 3265; baseline 0 -21"><span class='ocrx_word' id='word_1_240' title='bbox 313 3205 397 3244; x_wconf 87' lang='lat' dir='ltr'><strong>ceesa</strong></span> <span class='ocrx_word' id='word_1_241' title='bbox 416 3187 544 3265; x_wconf 89' lang='lat' dir='ltr'><strong>primum</strong></span> <span class='ocrx_word' id='word_1_242' title='bbox 566 3185 708 3244; x_wconf 84' lang='lat' dir='ltr'><strong>divinitus</strong></span> <span class='ocrx_word' id='word_1_243' title='bbox 731 3183 930 3265; x_wconf 86' lang='lat' dir='ltr'><strong>amplectatur</strong></span> <span class='ocrx_word' id='word_1_244' title='bbox 951 3184 1112 3258; x_wconf 76' lang='lat' dir='ltr'><strong>beneficia,</strong></span> <span class='ocrx_word' id='word_1_245' title='bbox 1139 3205 1178 3244; x_wconf 84' lang='lat' dir='ltr'><strong>ex</strong></span> <span class='ocrx_word' id='word_1_246' title='bbox 1199 3205 1259 3243; x_wconf 92' lang='lat' dir='ltr'><strong>non</strong></span> <span class='ocrx_word' id='word_1_247' title='bbox 1283 3187 1433 3246; x_wconf 81' lang='lat' dir='ltr'><strong>concessis</strong></span> 
     </span>
     <span class='ocr_line' id='line_1_28' title="bbox 311 3285 1432 3367; baseline 0.002 -22"><span class='ocrx_word' id='word_1_248' title='bbox 311 3289 429 3366; x_wconf 86' lang='lat' dir='ltr'><strong>reliqua</strong></span> <span class='ocrx_word' id='word_1_249' title='bbox 445 3288 570 3346; x_wconf 87' lang='lat' dir='ltr'><strong>eandem</strong></span> <span class='ocrx_word' id='word_1_250' title='bbox 586 3287 746 3363; x_wconf 87' lang='lat' dir='ltr'><strong>sublegaut</strong></span> <span class='ocrx_word' id='word_1_251' title='bbox 759 3285 1002 3360; x_wconf 85' lang='lat' dir='ltr'><strong>beneficentiam,</strong></span> <span class='ocrx_word' id='word_1_252' title='bbox 1019 3294 1049 3346; x_wconf 91' lang='lat' dir='ltr'><strong>et</strong></span> <span class='ocrx_word' id='word_1_253' title='bbox 1063 3286 1182 3346; x_wconf 87' lang='lat' dir='ltr'><strong>diverso</strong></span> <span class='ocrx_word' id='word_1_254' title='bbox 1198 3287 1318 3367; x_wconf 89' lang='lat' dir='ltr'><strong>quidem</strong></span> <span class='ocrx_word' id='word_1_255' title='bbox 1333 3288 1432 3363; x_wconf 88' lang='lat' dir='ltr'><strong>modo,</strong></span> 
     </span>
     <span class='ocr_line' id='line_1_29' title="bbox 312 3388 1432 3470; baseline -0.002 -21"><span class='ocrx_word' id='word_1_256' title='bbox 312 3388 555 3470; x_wconf 89' lang='lat' dir='ltr'><strong>quandoquidem</strong></span> <span class='ocrx_word' id='word_1_257' title='bbox 572 3388 678 3466; x_wconf 82' lang='lat' dir='ltr'><strong>religio</strong></span> <span class='ocrx_word' id='word_1_258' title='bbox 698 3395 750 3446; x_wconf 90' lang='lat' dir='ltr'><strong>aut</strong></span> <span class='ocrx_word' id='word_1_259' title='bbox 768 3389 835 3468; x_wconf 91' lang='lat' dir='ltr'><strong>ipsa</strong></span> <span class='ocrx_word' id='word_1_260' title='bbox 855 3389 978 3448; x_wconf 86' lang='lat' dir='ltr'><strong>coelesti</strong></span> <span class='ocrx_word' id='word_1_261' title='bbox 997 3389 1220 3448; x_wconf 87' lang='lat' dir='ltr'><strong>misericordiae</strong></span> <span class='ocrx_word' id='word_1_262' title='bbox 1237 3391 1302 3448; x_wconf 69' lang='lat' dir='ltr'><strong>rias</strong></span> <span class='ocrx_word' id='word_1_263' title='bbox 1324 3391 1432 3467; x_wconf 65' lang='lat' dir='ltr'><strong>signat,</strong></span> 
     </span>
     <span class='ocr_line' id='line_1_30' title="bbox 312 3489 1432 3571; baseline -0.001 -21"><span class='ocrx_word' id='word_1_264' title='bbox 312 3498 364 3550; x_wconf 90' lang='lat' dir='ltr'><strong>aut</strong></span> <span class='ocrx_word' id='word_1_265' title='bbox 386 3491 492 3571; x_wconf 89' lang='lat' dir='ltr'><strong>quovis</strong></span> <span class='ocrx_word' id='word_1_266' title='bbox 511 3491 543 3548; x_wconf 94' lang='lat' dir='ltr'><strong>in</strong></span> <span class='ocrx_word' id='word_1_267' title='bbox 557 3490 619 3549; x_wconf 80' lang='lat' dir='ltr'><strong>fato</strong></span> <span class='ocrx_word' id='word_1_268' title='bbox 636 3489 769 3549; x_wconf 88' lang='lat' dir='ltr'><strong>divinam</strong></span> <span class='ocrx_word' id='word_1_269' title='bbox 788 3489 905 3548; x_wconf 83' lang='lat' dir='ltr'><strong>divinat</strong></span> <span class='ocrx_word' id='word_1_270' title='bbox 922 3490 1178 3568; x_wconf 81' lang='lat' dir='ltr'><strong>gubernationem.</strong></span> <span class='ocrx_word' id='word_1_271' title='bbox 1212 3491 1271 3550; x_wconf 86' lang='lat' dir='ltr'><strong>Est</strong></span> <span class='ocrx_word' id='word_1_272' title='bbox 1289 3491 1432 3571; x_wconf 88' lang='lat' dir='ltr'><strong>quiddam</strong></span> 
     </span>
     <span class='ocr_line' id='line_1_31' title="bbox 312 3592 1430 3672; baseline 0.001 -22"><span class='ocrx_word' id='word_1_273' title='bbox 312 3593 344 3650; x_wconf 92' lang='lat' dir='ltr'><strong>in</strong></span> <span class='ocrx_word' id='word_1_274' title='bbox 363 3593 442 3650; x_wconf 89' lang='lat' dir='ltr'><strong>votis</strong></span> <span class='ocrx_word' id='word_1_275' title='bbox 466 3611 585 3672; x_wconf 87' lang='lat' dir='ltr'><strong>quoque</strong></span> <span class='ocrx_word' id='word_1_276' title='bbox 608 3592 812 3650; x_wconf 82' lang='lat' dir='ltr'><strong>voluntarium</strong></span> <span class='ocrx_word' id='word_1_277' title='bbox 839 3593 930 3653; x_wconf 90' lang='lat' dir='ltr'><strong>Deut.</strong></span> <span class='ocrx_word' id='word_1_278' title='bbox 950 3595 1004 3666; x_wconf 84' lang='lat'><strong>23,</strong></span> <span class='ocrx_word' id='word_1_279' title='bbox 1025 3593 1079 3666; x_wconf 82' lang='lat'><strong>24,</strong></span> <span class='ocrx_word' id='word_1_280' title='bbox 1106 3599 1207 3651; x_wconf 86' lang='lat' dir='ltr'><strong>tamen</strong></span> <span class='ocrx_word' id='word_1_281' title='bbox 1229 3593 1319 3650; x_wconf 88' lang='lat' dir='ltr'><strong>Num.</strong></span> <span class='ocrx_word' id='word_1_282' title='bbox 1343 3595 1430 3667; x_wconf 77' lang='lat'>15‚3</span> 
     </span>
     <span class='ocr_line' id='line_1_32' title="bbox 312 3685 1463 3778; baseline -0.002 -24"><span class='ocrx_word' id='word_1_283' title='bbox 312 3699 366 3758; x_wconf 68' lang='grc' dir='ltr'><strong>ἿἾΞ</strong></span> <span class='ocrx_word' id='word_1_284' title='bbox 380 3685 462 3756; x_wconf 64' lang='lat'><strong>8505</strong></span> <span class='ocrx_word' id='word_1_285' title='bbox 472 3687 499 3755; x_wconf 65' lang='lat' dir='ltr'><strong>st</strong></span> <span class='ocrx_word' id='word_1_286' title='bbox 515 3701 544 3778; x_wconf 88' lang='lat' dir='ltr'><strong>et</strong></span> <span class='ocrx_word' id='word_1_287' title='bbox 558 3697 662 3759; x_wconf 64' lang='lat'><strong>«⁸1:722</strong></span> <span class='ocrx_word' id='word_1_288' title='bbox 670 3693 699 3772; x_wconf 70' lang='lat'><strong>⁷¹²)</strong></span> <span class='ocrx_word' id='word_1_289' title='bbox 715 3695 830 3753; x_wconf 87' lang='lat' dir='ltr'><strong>cmiose</strong></span> <span class='ocrx_word' id='word_1_290' title='bbox 846 3702 1053 3772; x_wconf 80' lang='lat' dir='ltr'><strong>segregantur3</strong></span> <span class='ocrx_word' id='word_1_291' title='bbox 1070 3694 1108 3753; x_wconf 82' lang='lat' dir='ltr'><strong>cl.</strong></span> <span class='ocrx_word' id='word_1_292' title='bbox 1123 3693 1257 3768; x_wconf 79' lang='lat' dir='ltr'><strong>Lev.22‚</strong></span> <span class='ocrx_word' id='word_1_293' title='bbox 1268 3697 1317 3757; x_wconf 76' lang='lat'><strong>24.</strong></span> <span class='ocrx_word' id='word_1_294' title='bbox 1350 3695 1431 3755; x_wconf 87' lang='lat' dir='ltr'><strong>Nam</strong></span> <span class='ocrx_word' id='word_1_295' title='bbox 1458 3736 1463 3758; x_wconf 73' lang='lat'><strong>.</strong></span> 
     </span>
     <span class='ocr_line' id='line_1_33' title="bbox 263 3795 1430 3875; baseline 0.003 -23"><span class='ocrx_word' id='word_1_296' title='bbox 263 3834 265 3842; x_wconf 68' lang='lat'><em>,</em></span> <span class='ocrx_word' id='word_1_297' title='bbox 312 3795 343 3852; x_wconf 89' lang='lat' dir='ltr'><strong>iu</strong></span> <span class='ocrx_word' id='word_1_298' title='bbox 358 3795 510 3853; x_wconf 88' lang='lat' dir='ltr'><strong>sacrificiis</strong></span> <span class='ocrx_word' id='word_1_299' title='bbox 525 3815 585 3854; x_wconf 91' lang='lat' dir='ltr'><strong>non</strong></span> <span class='ocrx_word' id='word_1_300' title='bbox 601 3802 773 3874; x_wconf 81' lang='lat' dir='ltr'><strong>spectantur·</strong></span> <span class='ocrx_word' id='word_1_301' title='bbox 785 3796 845 3853; x_wconf 86' lang='lat' dir='ltr'><strong>nisi</strong></span> <span class='ocrx_word' id='word_1_302' title='bbox 859 3796 982 3854; x_wconf 87' lang='lat' dir='ltr'><strong>votivae</strong></span> <span class='ocrx_word' id='word_1_303' title='bbox 993 3795 1134 3875; x_wconf 83' lang='lat' dir='ltr'><strong>pecudes,</strong></span> <span class='ocrx_word' id='word_1_304' title='bbox 1149 3795 1257 3875; x_wconf 85' lang='lat' dir='ltr'><strong>quibus</strong></span> <span class='ocrx_word' id='word_1_305' title='bbox 1273 3796 1353 3875; x_wconf 93' lang='lat' dir='ltr'><strong>quod</strong></span> <span class='ocrx_word' id='word_1_306' title='bbox 1368 3815 1430 3855; x_wconf 88' lang='lat' dir='ltr'><strong>sus·</strong></span> 
     </span>
     <span class='ocr_line' id='line_1_34' title="bbox 313 3895 1431 3976; baseline 0 -22"><span class='ocrx_word' id='word_1_307' title='bbox 313 3903 431 3975; x_wconf 87' lang='lat' dir='ltr'><strong>ceptum</strong></span> <span class='ocrx_word' id='word_1_308' title='bbox 454 3904 518 3955; x_wconf 86' lang='lat' dir='ltr'><strong>erat</strong></span> <span class='ocrx_word' id='word_1_309' title='bbox 538 3897 599 3955; x_wconf 86' lang='lat' dir='ltr'><strong>iam</strong></span> <span class='ocrx_word' id='word_1_310' title='bbox 621 3897 755 3955; x_wconf 87' lang='lat' dir='ltr'><strong>solvatur</strong></span> <span class='ocrx_word' id='word_1_311' title='bbox 775 3895 945 3975; x_wconf 79' lang='lat' dir='ltr'><strong>votum**).</strong></span> <span class='ocrx_word' id='word_1_312' title='bbox 983 3896 1120 3976; x_wconf 85' lang='lat' dir='ltr'><strong>Apparet</strong></span> <span class='ocrx_word' id='word_1_313' title='bbox 1146 3904 1248 3956; x_wconf 88' lang='lat' dir='ltr'><strong>autem</strong></span> <span class='ocrx_word' id='word_1_314' title='bbox 1268 3897 1350 3972; x_wconf 80' lang='lat' dir='ltr'><strong>hinc,</strong></span> <span class='ocrx_word' id='word_1_315' title='bbox 1378 3917 1431 3956; x_wconf 90' lang='lat' dir='ltr'><strong>cur</strong></span> 
     </span>
    </p>
   </div>
   <div class='ocr_carea' id='block_1_3' title="bbox 313 4114 1430 4382">
    <p class='ocr_par' dir='ltr' id='par_1_3' title="bbox 313 4114 1430 4382">
     <span class='ocr_line' id='line_1_35' title="bbox 381 4114 1430 4213; baseline 0.003 -17"><span class='ocrx_word' id='word_1_316' title='bbox 381 4141 404 4210; x_wconf 80' lang='lat'><strong>*)</strong></span> <span class='ocrx_word' id='word_1_317' title='bbox 415 4165 440 4196; x_wconf 82' lang='lat' dir='ltr'><strong>v.</strong></span> <span class='ocrx_word' id='word_1_318' title='bbox 452 4151 662 4211; x_wconf 84' lang='lat' dir='ltr'><strong>Hengstenberg,</strong></span> <span class='ocrx_word' id='word_1_319' title='bbox 676 4151 771 4198; x_wconf 83' lang='lat' dir='ltr'><strong>Comm.</strong></span> <span class='ocrx_word' id='word_1_320' title='bbox 784 4148 847 4196; x_wconf 81' lang='lat' dir='ltr'><strong>iiber</strong></span> <span class='ocrx_word' id='word_1_321' title='bbox 861 4114 901 4196; x_wconf 89' lang='lat' dir='ltr'><strong>die</strong></span> <span class='ocrx_word' id='word_1_322' title='bbox 913 4151 1041 4210; x_wconf 71' lang='lat' dir='ltr'><strong>Psalmo,</strong></span> <span class='ocrx_word' id='word_1_323' title='bbox 1054 4151 1086 4198; x_wconf 83' lang='lat' dir='ltr'><strong>ad</strong></span> <span class='ocrx_word' id='word_1_324' title='bbox 1098 4152 1141 4198; x_wconf 80' lang='lat' dir='ltr'><strong>Pe.</strong></span> <span class='ocrx_word' id='word_1_325' title='bbox 1149 4153 1190 4213; x_wconf 80' lang='lat'><strong>54,</strong></span> <span class='ocrx_word' id='word_1_326' title='bbox 1198 4153 1222 4198; x_wconf 89' lang='lat'><strong>8.</strong></span> <span class='ocrx_word' id='word_1_327' title='bbox 1234 4153 1345 4199; x_wconf 87' lang='lat' dir='ltr'><strong>V01.111.</strong></span> <span class='ocrx_word' id='word_1_328' title='bbox 1356 4167 1382 4212; x_wconf 87' lang='lat' dir='ltr'><strong>p.</strong></span> <span class='ocrx_word' id='word_1_329' title='bbox 1390 4155 1430 4199; x_wconf 78' lang='lat'><strong>54.</strong></span> 
     </span>
     <span class='ocr_line' id='line_1_36' title="bbox 363 4227 1429 4297; baseline 0.003 -16"><span class='ocrx_word' id='word_1_330' title='bbox 363 4227 401 4296; x_wconf 74' lang='lat'><strong>**)</strong></span> <span class='ocrx_word' id='word_1_331' title='bbox 416 4235 540 4281; x_wconf 83' lang='lat' dir='ltr'><strong>Victimae</strong></span> <span class='ocrx_word' id='word_1_332' title='bbox 558 4249 620 4294; x_wconf 86' lang='lat' dir='ltr'><strong>quae</strong></span> <span class='ocrx_word' id='word_1_333' title='bbox 638 4241 742 4296; x_wconf 84' lang='lat' dir='ltr'><strong>peracto</strong></span> <span class='ocrx_word' id='word_1_334' title='bbox 758 4239 875 4281; x_wconf 86' lang='lat' dir='ltr'><strong>votorum</strong></span> <span class='ocrx_word' id='word_1_335' title='bbox 894 4240 1006 4295; x_wconf 88' lang='lat' dir='ltr'><strong>tempore</strong></span> <span class='ocrx_word' id='word_1_336' title='bbox 1023 4251 1039 4282; x_wconf 86' lang='lat' dir='ltr'><strong>a</strong></span> <span class='ocrx_word' id='word_1_337' title='bbox 1054 4237 1105 4296; x_wconf 84' lang='lat' dir='ltr'><strong>piis</strong></span> <span class='ocrx_word' id='word_1_338' title='bbox 1116 4237 1268 4295; x_wconf 71' lang='lat' dir='ltr'><strong>caeduntur,</strong></span> <span class='ocrx_word' id='word_1_339' title='bbox 1288 4236 1368 4297; x_wconf 86' lang='lat' dir='ltr'><strong>(velut</strong></span> <span class='ocrx_word' id='word_1_340' title='bbox 1379 4239 1429 4284; x_wconf 80' lang='lat' dir='ltr'><strong>Na·</strong></span> 
     </span>
     <span class='ocr_line' id='line_1_37' title="bbox 313 4318 1062 4382; baseline 0.004 -17"><span class='ocrx_word' id='word_1_341' title='bbox 313 4320 454 4367; x_wconf 84' lang='lat' dir='ltr'><strong>siracorum</strong></span> <span class='ocrx_word' id='word_1_342' title='bbox 467 4319 561 4366; x_wconf 79' lang='lat' dir='ltr'><strong>arietes</strong></span> <span class='ocrx_word' id='word_1_343' title='bbox 573 4321 646 4366; x_wconf 87' lang='lat' dir='ltr'><strong>Num.</strong></span> <span class='ocrx_word' id='word_1_344' title='bbox 660 4322 683 4380; x_wconf 81' lang='lat'><strong>6,</strong></span> <span class='ocrx_word' id='word_1_345' title='bbox 698 4323 728 4366; x_wconf 82' lang='lat'><strong>13</strong></span> <span class='ocrx_word' id='word_1_346' title='bbox 741 4318 804 4382; x_wconf 83' lang='lat' dir='ltr'><strong>sqq.)</strong></span> <span class='ocrx_word' id='word_1_347' title='bbox 818 4320 866 4366; x_wconf 92' lang='lat' dir='ltr'><strong>huc</strong></span> <span class='ocrx_word' id='word_1_348' title='bbox 875 4334 925 4366; x_wconf 91' lang='lat' dir='ltr'><strong>uon</strong></span> <span class='ocrx_word' id='word_1_349' title='bbox 937 4324 1062 4380; x_wconf 83' lang='lat' dir='ltr'><strong>spectant.</strong></span> 
     </span>
    </p>
   </div>
   <div class='ocr_carea' id='block_1_4' title="bbox 0 0 1722 5067">
    <p class='ocr_par' dir='ltr' id='par_1_4' title="bbox 0 0 1722 5067">
     <span class='ocr_line' id='line_1_38' title="bbox 0 0 1722 5067; baseline 0 0"><span class='ocrx_word' id='word_1_350' title='bbox 0 0 1722 5067; x_wconf 95' lang='lat' dir='ltr'><strong> </strong></span> 
     </span>
    </p>
   </div>
  </div>
 </body>
</html>
