3434 5067
783 499 996 557 „13..

414 665 552 742 Cingitur
567 685 603 724 ea
617 666 695 724 serie
709 666 852 743 religiosa
867 666 1020 745 quaelibet
1033 668 1239 728 Israelitarum
1256 669 1448 728 verecundia.

327 766 412 826 Nihil
428 768 519 844 igitur
534 775 636 841 restat,
650 768 708 826 nisi
722 775 757 826 ut
770 768 863 826 horae
877 768 1084 828 introducatur
1098 770 1130 827 in
1137 771 1229 829 vices.
1253 759 1449 831 Sacrificandi

328 870 407 928 enim
422 889 494 928 usus
507 869 612 947 populi
627 870 658 928 in
672 870 736 928 vita
748 868 829 954 haud
841 870 946 948 paucis
955 870 1135 947 religionum
1145 873 1303 931 momentis
1312 881 1447 949 augetur,

327 978 360 1028 ut
375 969 489 1029 dierum
508 971 652 1029 festorum
671 971 876 1044 celebritateS,
898 971 1103 1045 lustrationes,
1124 975 1378 1047 consecrationes,
1398 973 1447 1032 de-

326 1073 501 1130 testationes
524 1072 669 1150 singulari
691 1071 779 1130 modo
794 1073 936 1149 vulgares
956 1074 1031 1131 ritus
1051 1073 1204 1133 definiant.
1238 1075 1324 1133 Idem
1346 1083 1447 1132 autem

327 1193 443 1252 semper
463 1174 558 1246 valet,
585 1175 649 1232 sive
668 1175 853 1252 privatorum
873 1175 933 1233 sint
952 1193 1050 1246 sacra,
1075 1176 1140 1234 sive
1164 1174 1358 1249 familiarum,
1382 1177 1446 1236 sive

325 1276 468 1349 tribuum,
484 1275 548 1334 sive
567 1276 699 1340 civitatis
720 1276 855 1349 omnino,
877 1296 968 1355 quum
982 1276 1103 1334 illorum
1117 1276 1224 1354 religio
1239 1276 1371 1355 pendeat
1384 1297 1445 1335 nno

325 1397 363 1436 ex
381 1377 503 1436 foedere
523 1397 541 1434 a
560 1376 583 1436 J
585 1377 682 1435 ehova
702 1396 756 1435 suo
776 1397 843 1434 cum
857 1381 968 1453 populo
986 1386 1085 1456 pacto.
1122 1375 1208 1452 Quae
1223 1379 1357 1437 variatur
1374 1379 1446 1438 inde

324 1499 466 1537 manuum
480 1479 575 1536 virtus
592 1486 649 1551 est,
667 1499 792 1558 quarum
807 1499 865 1556 ope
879 1479 1002 1536 victima
1017 1479 1107 1538 cadit.

409 1579 548 1638 Trahunt
569 1581 613 1637 ita
633 1580 779 1638 sacrificia
800 1579 934 1638 divinam
959 1580 1064 1659 populi
1087 1580 1297 1655 substantiam,
1324 1581 1444 1660 quando

323 1680 474 1740 turbidam
493 1681 643 1740 terrestris
662 1679 752 1738 studii
772 1682 1054 1760 conquassationem
1073 1681 1190 1759 effugit,
1212 1690 1246 1740 ut
1260 1702 1315 1741 sua
1329 1683 1445 1741 fruatur

323 1785 354 1841 in
370 1782 426 1840 deo
440 1803 529 1861 pace,
546 1781 732 1841 clandestino
748 1783 902 1840 cumulant
916 1783 1059 1842 historiae
1073 1783 1185 1856 fructu,
1200 1783 1376 1862 profundius
1391 1785 1443 1842 im-

323 1892 462 1960 mergunt
481 1884 616 1963 quotidie
636 1884 774 1942 fortunae
794 1885 825 1941 in
839 1883 999 1958 fabricam,
1022 1893 1142 1944 sanctos
1157 1885 1239 1945 beati
1253 1887 1284 1943 in
1299 1886 1443 1959 tramites,

323 1985 418 2044 donec
440 1986 537 2044 missis
558 1986 701 2045 vestibuli
725 1987 817 2046 initiis
844 1986 884 2045 ad
911 1987 1075 2068 penetralis
1099 2006 1181 2045 aram
1203 1986 1360 2060 subsistat,
1391 1987 1443 2046 ubi

321 2089 427 2164 igneas
443 2089 527 2168 adyti
540 2109 595 2167 per
609 2087 729 2147 umbras
744 2088 839 2147 fracto
855 2087 940 2147 radio
955 2088 1047 2148 stella
1060 2090 1152 2146 micat
1166 2089 1262 2146 crucis
1278 2088 1399 2149 Christi.

858 2272 902 2337 Π.

678 2377 870 2426 sncarrrcm
887 2377 1085 2426 smurnam.

399 2492 461 2558 Ubi
471 2500 535 2552 tota
546 2494 601 2551 tali
612 2492 701 2551 modo
715 2494 883 2576 substantia
893 2494 1021 2553 hominis
1035 2494 1091 2553 deo
1105 2493 1224 2553 obviam
1238 2494 1441 2573 sesepositam

321 2595 412 2654 habet
431 2595 601 2674 divinisque
622 2595 652 2651 in
668 2595 788 2652 fortuna
802 2596 1203 2674 revelationibus,-quonam
1224 2596 1321 2652 acrius
1340 2602 1442 2673 potest

318 2697 470 2776 perfundi,
494 2718 584 2776 quam
607 2697 696 2755 divae
718 2697 839 2776 gratioe·
855 2697 967 2756 sensu?
996 2698 1086 2756 Hanc
1105 2715 1177 2754 vero
1199 2715 1235 2754 ca
1254 2703 1442 2754 contrectant

320 2799 477 2873 sacrificia,
493 2819 572 2878 quac
588 2799 712 2878 speciali
726 2799 783 2858 hoc
798 2798 903 2856 libello
919 2817 1008 2856 curae
1023 2797 1183 2856 subiecturi
1198 2818 1323 2856 eramus.

403 2901 556 2959 usitatum
571 2902 608 2958 ns
622 2921 731 2960 nomen
747 2910 791 2959 est
806 2889 915 2964 nisan
931 2905 993 2962 rur
1007 2899 1082 2958 Lev.
1098 2902 1126 2973 a,
1144 2904 1256 2960 1-17.
1274 2903 1301 2972 r,
1319 2902 1355 2958 11
1374 2919 1439 2980 sqq.

320 2999 353 3058 si
368 3021 428 3060 una
444 3021 511 3059 cum
527 3001 630 3060 solidis
646 3001 751 3059 hostiis
766 3010 920 3076 vocantur,
936 3003 1117 3079 generaliori
1127 3001 1331 3081 appellatione
1340 3007 1441 3064 nimi

318 3104 416 3161 notari
433 3123 523 3182 supra
538 3102 682 3175 diximus,
703 3111 737 3161 ut
757 3123 793 3161 ea
807 3102 976 3161 indicentur
991 3122 1090 3176 sacra,
1112 3122 1238 3180 quorum
1261 3102 1442 3160 caerimonia

318 3205 457 3263 animalis
477 3207 508 3263 in
525 3204 617 3264 caede
635 3205 788 3283 proprium
810 3203 903 3264 habet
922 3203 1074 3261 cardinem
1095 3211 1185 3282 atque
1205 3202 1328 3262 definita
1348 3223 1437 3282 quae·

318 3304 387 3364 dam
402 3327 472 3385 pars
487 3308 553 3366 usui
570 3306 800 3365 sacrificantium
815 3304 958 3364 redditur.
985 3305 1078 3363 Porro
1095 3305 1233 3364 dicuntur
1248 3305 1313 3364 solo
1329 3293 1439 3367 ΝΜ

317 3407 503 3481 Lev.7,14.
528 3411 560 3482 9,
576 3411 604 3466 4.
628 3414 658 3466 et
677 3399 745 3470 nbi)
766 3406 834 3465 Am.
851 3409 885 3481 5,
902 3410 951 3466 22.
987 3406 1067 3465 Satis
1087 3407 1220 3486 amplum
1239 3414 1389 3485 occupant
1407 3407 1439 3462 in

316 3510 429 3587 pietate
445 3509 550 3587 populi
566 3509 703 3588 spatium.
726 3509 881 3586 Distingui
896 3510 975 3567 enim
990 3507 1130 3568 videntur
1144 3510 1176 3567 in
1190 3509 1295 3568 ritibus
1303 3508 1439 3566 Mosaica
1476 3508 1479 3513 ’

316 3611 384 3687 lege
400 3611 467 3668 fixis
483 3618 543 3670 tres
559 3630 660 3669 eorum
676 3611 804 3689 species,
826 3631 917 3690 quum
931 3610 1005 3669 Lev.
1026 3615 1054 3683 7,
1071 3613 1108 3668 11
1126 3600 1261 3671 ffiffi'lltt
1277 3616 1339 3670 mi
1354 3613 1439 3669 nam

316 3711 472 3784 dirimatur
487 3712 629 3771 subiectis
644 3733 672 3770 v.
688 3715 736 3770 12.
753 3719 874 3792 ἹἏΕἾἾΡἿ
889 3716 974 3776 ιἾἿἹΠ
988 3701 1028 3774 57
1043 3720 1089 3774 nti
1105 3719 1176 3770 etv.
1190 3713 1238 3769 16.
1253 3718 1292 3773 nt
1306 3715 1361 3775 tt:
1375 3717 1438 3774 nat

316 3819 407 3897 22¹1?
430 3819 490 3876 l'ffll'
511 3817 604 3887 wli,
635 3821 669 3872 ut
691 3813 835 3872 salutaria
859 3814 1005 3872 sacrificia
1029 3821 1081 3870 aut
1105 3811 1189 3871 laudi
1216 3821 1268 3870 aut
1293 3821 1364 3871 voto
1386 3812 1437 3872 vel

315 3915 490 3974 liberalitati
514 3922 607 3974 strata
628 3916 696 3974 sint.
727 3915 798 3972 Duo
821 3922 956 3973 extrema
977 3933 1090 3991 genera
1111 3917 1166 3978 't'b
1187 3921 1218 3971 et
1238 3920 1320 3977 ,Ἧι
1339 3914 1437 3972 solent

270 4001 277 4016 ’
316 4017 404 4074 simul
420 4036 538 4095 semper
552 4016 784 4076 commemorari.
807 4015 926 4074 Tamen
939 4033 1130 4094 nequaquam
1139 4014 1244 4074 eodem
1257 4016 1312 4072 niti
1324 4023 1435 4073 utrum·

316 4138 375 4195 que
394 4118 549 4194 religionis
568 4118 700 4197 impulsu
719 4126 806 4177 etex
825 4117 901 4176 Lev.
918 4119 968 4190 22,
984 4119 1136 4195 21‘patet,
1158 4117 1210 4176 ubi
1229 4116 1378 4196 particula
1397 4123 1436 4178 'tt

316 4217 538 4296 disiunguntur,
555 4227 585 4277 et
600 4239 637 4278 ex
652 4241 680 4277 v.
698 4222 752 4292 23,
768 4220 819 4279 ubi
835 4219 916 4300 quod
930 4219 961 4276 in
976 4219 1096 4278 liberali
1110 4218 1284 4291 admittitur,
1299 4237 1318 4276 a
1332 4219 1435 4276 votivo

315 4321 468 4399 repulsum
485 4327 538 4380 ost.
567 4319 628 4379 Sed
643 4322 720 4382 inter
735 4341 787 4381 eas
803 4339 923 4402 quoque
936 4322 1074 4381 victimas
1089 4341 1167 4402 quae
1181 4319 1265 4379 laudi
1280 4319 1391 4381 cadunt
1405 4326 1435 4380 et
