3434 5067
742 451 1007 548 mas-'⁴

255 669 259 674 '
287 655 401 718 minum
420 655 452 712 in
470 655 576 713 umbra
595 656 711 714 alarum
730 663 848 716 tuarum
867 675 952 736 spem
971 657 1129 716 collocant.
1158 659 1325 737 Irrigantnr
1343 661 1408 739 pin·

286 755 417 834 guedine
432 755 515 814 aedis
531 764 614 830 tuae,
637 765 667 816 et
685 764 848 817 torrentem
867 758 1042 818 deliciarum
1060 767 1179 818 tuarum
1192 760 1355 838 bibendum
1370 763 1407 820 iis

286 857 423 937 praebes.
457 857 537 916 Nam
557 857 638 937 apud
657 865 687 918 te
707 866 753 918 est
770 863 845 934 fons
864 862 952 932 citae,
975 860 1007 918 in
1029 861 1143 921 lumine
1165 869 1216 920 tuo
1239 861 1407 921 ridebimus

289 963 391 1018 lumen.
427 958 576 1018 Protrahe
597 959 826 1020 beneficentiam
848 967 931 1019 tuam
952 961 992 1020 ad
1014 981 1079 1036 eos,
1107 963 1158 1040 qui
1179 969 1211 1022 te
1231 971 1354 1038 norunt,
1378 972 1409 1024 et

287 1061 431 1120 iustitiam
446 1067 528 1119 tuam
543 1061 582 1120 ad
597 1080 662 1135 eos,
678 1063 786 1142 quibus
801 1063 980 1122 animus'est
992 1071 1099 1154 rectus.
1114 1098 1157 1107 -
1170 1064 1208 1123 In
1225 1065 1408 1143 praecordiis

275 1163 347 1232 ,urit
374 1161 514 1224 desiderii
540 1163 684 1237 scintilla,
720 1163 801 1242 quod
827 1163 980 1223 Jehovam
1007 1165 1133 1245 quaerit.
1174 1165 1410 1245 Exsplendescit

288 1263 377 1323 beato
392 1264 425 1321 in
438 1265 559 1324 numine
575 1273 679 1324 sancta
693 1265 758 1340 lux,
782 1273 812 1324 et
826 1266 959 1326 scintilla
974 1266 1110 1326 evehitur
1123 1267 1155 1325 in
1169 1267 1318 1342 flammas,
1337 1289 1409 1348 qua·

289 1386 354 1438 rum
369 1365 507 1424 incendio
520 1367 575 1425 illa
585 1367 724 1444 refulget.
746 1368 959 1432 Illuminantur
974 1369 1098 1428 coelesti
1110 1367 1218 1428 decore
1232 1370 1409 1448 terrigenae,

290 1469 424 1548 quisquis
440 1488 507 1527 cum
522 1468 578 1527 deo
594 1469 840 1530 consuetudinem
854 1470 992 1550 habet*).
1000 1505 1043 1514 -
1056 1470 1198 1530 Forsitan
1211 1492 1273 1529 non
1286 1471 1410 1531 fortuito

240 1581 251 1587 “
289 1571 429 1630 Masorae
442 1590 503 1629 vox
517 1561 664 1659 &linbila
679 1572 840 1652 prophetas
856 1573 955 1650 signat
962 1571 1020 1653 **).
1042 1572 1278 1652 Praesagafelix
1285 1575 1410 1654 quaevis

289 1673 375 1748 hora,
392 1673 500 1731 amoris
513 1693 681 1752 praesagae
695 1675 831 1734 deliciae.

373 1775 440 1835 Iam
454 1793 526 1835 vero
543 1795 691 1855 quaenam
707 1785 751 1836 est
767 1778 896 1857 species,
916 1797 977 1856 qua
994 1777 1080 1835 varia
1099 1776 1175 1836 haec
1193 1777 1324 1835 notionis
1343 1798 1410 1857 pro·

291 1876 373 1954 digia
387 1876 434 1948 ‚ad
455 1897 547 1937 unum
571 1878 657 1957 quasi
678 1897 784 1958 corpus
806 1879 956 1957 ligemus?
980 1880 1137 1956 [nuperus
1157 1878 1306 1956 perfecta,
1330 1880 1412 1938 alma

285 1999 365 2055 parc,
386 1977 474 2038 dulce
491 1981 629 2057 gaudium
646 1979 833 2059 profundunt
851 1998 938 2059 opes,
959 1980 1067 2059 quibus
1081 1979 1277 2057 ligamentum
1292 2000 1409 2061 compo·

291 2081 379 2138 nitur.
409 2079 556 2140 Faustum
579 2081 690 2140 eminet
710 2083 813 2140 salutis
837 2101 876 2139 ex
894 2081 1050 2160 mysterio,
1076 2101 1114 2140 cx
1133 2102 1244 2140 arcana
1256 2085 1412 2157 felicitatis

292 2189 379 2240 sorte.
388 2217 430 2226 -
444 2183 492 2240 Ita
507 2181 626 2241 domurn
642 2201 835 2262 assequemur
850 2202 980 2256 causam,
996 2203 1056 2262 qua
1070 2183 1190 2261 vulgari
1203 2185 1271 2242 usui
1284 2185 1412 2264 pluralis

278 2283 384 2366 xferme
403 2303 544 2344 uumerus
564 2272 674 2347 naulo
694 2284 787 2345 fultus
807 2292 861 2343 est.
896 2283 1039 2362 Legimus
1054 2285 1129 2343 Lev.
1147 2288 1174 2359 7,
1191 2288 1240 2345 13.
1258 2287 1306 2345 15.
1322 2306 1411 2346 vene-

291 2385 399 2444 rationi
423 2386 525 2445 obrata
550 2386 642 2444 serni
669 2375 778 2455 rrnbn*
793 2391 880 2452 nutu
900 2389 961 2449 rur
978 2375 1019 2450 br
1040 2394 1070 2445 et
1089 2376 1225 2450 crusna
1244 2393 1288 2453 uu
1310 2408 1340 2446 v.
1363 2390 1412 2446 14.

292 2485 331 2546 ad
349 2508 441 2546 unam
460 2489 609 2568 pertinere
627 2487 772 2562 hostiam,
800 2489 868 2568 ipsa
888 2489 1043 2568 praecepti
1065 2488 1154 2551 docet
1173 2509 1296 2548 summa.
1332 2489 1413 2564 Quid

292 2590 348 2649 sibi
371 2590 438 2648 vult
459 2589 509 2648 hic
530 2589 624 2648 usus?
659 2590 761 2649 Possis
784 2590 905 2670 quidem
926 2593 1063 2670 proxime
1086 2592 1203 2671 opinari
1224 2591 1281 2649 hac
1301 2592 1353 2649 via
1375 2587 1413 2650 ex

292 2691 475 2751 multimodis
502 2690 654 2750 salvorum
678 2693 815 2772 personis
842 2692 976 2751 abstrahi
997 2700 1088 2772 atque
1111 2693 1264 2752 enucleari
1286 2692 1414 2752 sublime

293 2794 397 2853 salutis
411 2794 604 2873 principium,
628 2801 661 2851 ut
680 2784 750 2880 11511ς
765 2813 803 2852 ex
817 2783 886 2878 Πξῑξ
901 2793 1073 2869 definiatur,
1091 2795 1216 2874 perinde
1231 2801 1322 2874 atque
1336 2798 1412 2857 uun

292 2895 399 2970 vitam,
423 2884 526 2958 &5215
550 2895 739 2954 concordiam
763 2896 853 2954 Zaoh.
876 2900 928 2970 11,
951 2898 1048 2970 7.14,
1075 2904 1161 2959 mtto
1184 2896 1341 2975 perfidiam
1361 2896 1413 2954 Ps.

294 3001 364 3070 101,
381 2999 409 3072 3,
426 3003 499 3063 ΕἾἯ
513 2995 625 3056 fastum
639 2996 689 3055 Ps.
708 2999 756 3072 19,
773 3000 821 3056 14.
838 2997 1092 3077 significant***).
1119 2996 1264 3057 Attamen
1280 2997 1415 3075 opinioni

292 3107 441 3178 repugnat
459 3119 521 3157 nou
536 3099 633 3158 solum
649 3106 788 3158 constans
804 3099 967 3158 formarum
981 3100 1127 3171 varietas,
1151 3099 1204 3157 sed
1224 3099 1278 3156 ille
1293 3117 1414 3178 quoque

292 3219 402 3276 nexus,
424 3221 483 3280 quo
498 3199 567 3260 Am.
584 3203 612 3276 5,
629 3203 678 3258 22.
698 3201 858 3278 singularis
873 3219 1014 3258 numerus
1029 3199 1169 3258 munitur.
1196 3200 1277 3259 Vero
1292 3200 1414 3279 propius

293 3288 475 3382 appellimur
488 3303 606 3362 ratione
620 3304 711 3360 moris
725 3302 842 3376 habita,
863 3322 923 3381 quo
941 3309 1105 3381 perpetuae
1119 3301 1274 3360 hominum
1288 3302 1415 3381 qualita-

293 3412 352 3478 teS,
382 3404 436 3462 fixi
464 3403 585 3484 quidam
613 3411 707 3462 status
728 3404 840 3484 plurali
862 3404 1057 3462 multifariam
1079 3403 1300 3483 expanduntur,
1330 3404 1416 3462 velut

293 3511 390 3568 111717
413 3507 608 3584 perversitas,
636 3510 747 3567 ΠἾὯΠἾ
773 3506 988 3580 misericordia,
1016 3493 1118 3568 0³52&
1141 3505 1253 3564 orbitas
1263 3504 1303 3583 †).
1338 3504 1415 3569 Inde

294 3597 404 3670 ΕἾὮΒὯ
430 3609 516 3668 nobis
539 3608 691 3666 salvorum
714 3608 909 3666 constitueret
934 3607 1104 3665 diuturnam
1127 3606 1337 3670 conditionem.
1374 3607 1416 3666 Et

293 3711 338 3767 uti
369 3729 430 3768 non
461 3730 527 3769 raro
559 3711 684 3768 virtutes
717 3728 752 3768 ac
781 3709 855 3767 vitia
885 3716 1109 3788 permanentem
1141 3709 1172 3765 in
1203 3726 1343 3766 successu
1372 3709 1416 3766 ita

295 3811 458 3891 corripiunt
477 3809 686 3889 naturam††),
711 3810 753 3868 sic
775 3811 908 3885 fortuna,
930 3811 1018 3869 istinc
1039 3830 1118 3889 quae
1138 3809 1302 3883 emanavit,
1325 3809 1416 3869 facile

379 3991 402 4058 l)
415 4011 439 4044 v.
452 3997 495 4045 Fr.
509 3998 540 4046 de
553 3998 684 4058 Schlegel:
697 3997 802 4044 Wiener
814 3996 906 4044 Jahrb.
921 3999 994 4046 1819.
1006 4012 1031 4056 p.
1044 3998 1102 4042 441.

363 4077 401 4144 *')
414 4099 439 4130 v.
452 4083 598 4141 Delitzsch,
611 4083 720 4130 Jesurun
733 4097 757 4142 p.
772 4085 812 4129 69.

351 4161 403 4228 m)
416 4183 440 4216 v.
454 4168 545 4214 Ewald
557 4168 574 4213 l.
588 4169 605 4214 l.
619 4175 639 4218 s.
653 4170 700 4214 179
714 4181 736 4214 a.
749 4183 774 4227 p.
788 4168 837 4232 344
849 4179 887 4225 sq.

380 4251 403 4313 †)
418 4251 510 4300 ¹(lesen.
525 4251 636 4300 Gramm.
649 4259 669 4303 1.
683 4254 740 4300 106.
754 4254 777 4298 2.

363 4329 403 4404 ††)
415 4353 440 4384 v.
454 4336 522 4384 Siler
535 4337 552 4383 l.
565 4337 584 4382 l.
597 4343 617 4386 1.
629 4339 674 4397 44,
689 4339 703 4384 7
716 4351 739 4384 a·
752 4352 777 4398 p.
791 4337 849 4383 21⁷.
862 4338 920 4383 441.
933 4337 991 4383 461.
