3434 5067
779 511 991 568 .-37„

323 678 526 738 membrorum
545 677 649 738 indole
673 697 766 736 causa
787 675 964 757 quaerenda
984 686 1040 738 est.
1069 679 1112 738 Et
1130 678 1209 737 haec
1229 679 1304 737 satis
1325 686 1442 756 aperta.

323 783 493 842 Humerum
510 788 630 840 constat
645 779 788 838 oneribus
803 779 962 856 gestandis
976 781 1117 860 supponi,
1135 781 1222 858 gravi
1238 781 1358 860 imperii
1374 801 1444 860 pur·

324 903 421 964 purae
439 881 518 960 (Jes.
534 885 583 955 22,
601 879 668 960 22),
685 881 755 940 forti
772 882 930 960 potentiae
946 882 1119 961 sceptro*).
1149 880 1236 955 Quae
1253 883 1280 941 si
1296 882 1335 940 ad
1350 903 1444 940 unum

223 997 239 1011 “
323 984 505 1062 rediguntur
526 983 695 1055 cardinem,
719 984 750 1042 in
773 983 898 1042 humero
920 983 1186 1063 deprehendemus
1201 985 1318 1062 vigoris
1332 985 1444 1064 prima-

324 1087 401 1146 riam
417 1107 453 1144 ac
468 1086 585 1146 roboris
607 1085 748 1144 animalis
773 1084 962 1171 sedeml‘l‘).¹
982 1085 1033 1143 Ex
1046 1085 1107 1144 hac
1120 1087 1323 1165 persuasione
1339 1086 1445 1144 fabula

325 1196 403 1258 orta,
429 1208 490 1269 qua
509 1189 605 1247 sacris
624 1188 790 1247 Persarum
810 1186 1045 1267 antiquitatibus
1067 1185 1250 1246 Goschurun
1274 1187 1445 1247 belluarum

323 1291 470 1370 princeps
487 1297 580 1368 caput
595 1310 634 1349 ex
648 1289 742 1369 prisci
759 1291 839 1348 tauri
859 1289 986 1348 humero
1003 1290 1143 1367 emergit.
1174 1289 1269 1368 Apud
1283 1289 1445 1348 Hebraeos

326 1400 408 1452 certe
424 1411 516 1450 sexus
532 1399 696 1471 praeterea
711 1389 833 1450 videtur
849 1390 982 1471 quodam
997 1390 1105 1450 habitu
1120 1392 1243 1463 muniri,
1269 1412 1362 1472 quum
1384 1384 1447 1474 le

326 1514 393 1553 cum
413 1499 529 1574 uptun
553 1493 720 1552 cohaerens
746 1493 984 1571 concupiscendi
1011 1493 1119 1551 durum
1143 1494 1275 1572 attingat
1295 1493 1446 1552 ardorem.

324 1594 467 1655 Animalc
484 1614 558 1672 ergo
573 1594 665 1654 robur
681 1615 763 1653 armo
780 1594 961 1673 concipitur.
982 1593 1016 1653 Si
1033 1594 1142 1654 dexter
1157 1595 1307 1672 seligitur,
1324 1595 1446 1654 honoris

324 1697 431 1755 umbra
441 1698 589 1774 signatur,
606 1699 637 1754 in
654 1717 713 1775 quo
729 1695 887 1755 uberiores
903 1705 1043 1755 scateant
1056 1697 1142 1762 vires⁸
1156 1695 1208 1774 (cf.
1221 1700 1236 1754 1
1249 1695 1332 1756 Sam.
1344 1700 1392 1769 11,
1402 1694 1446 1775 2).

326 1797 448 1858 Gertius
471 1799 563 1856 etiam
582 1798 717 1878 pectoris
739 1799 910 1876 augurium.
943 1799 994 1856 Ex
1011 1819 1047 1858 eo
1063 1799 1145 1857 enim
1163 1798 1252 1875 larga
1266 1798 1349 1857 vitae
1365 1817 1447 1857 erna-

324 1908 399 1960 nant
414 1901 552 1973 flumina,
575 1900 786 1964 alimentorum
801 1899 932 1979 praebet
946 1900 1117 1959 thesauros.
1151 1901 1236 1960 Hinc
1255 1907 1356 1979 patet,
1374 1900 1447 1980 quid

326 2001 518 2061 sacerdotale
535 2003 649 2061 istisin
665 2001 808 2061 membris
825 2001 928 2061 fuerit.

409 2104 572 2162 Humanae
592 2103 793 2184 perfectionis
815 2112 940 2182 gestant
961 2102 1138 2163 sacerdotes
1159 2104 1291 2181 insigne.
1327 2102 1385 2162 eui
1401 2122 1447 2162 re-

326 2204 459 2284 spondet
479 2204 608 2279 oblati0‚
633 2207 665 2264 in
686 2226 747 2286 qna
766 2205 888 2265 bestiae
908 2206 1002 2287 plena
1020 2206 1156 2284 refulget
1171 2225 1207 2264 ac
1222 2206 1363 2284 perfecta
1378 2204 1448 2266 sub-

326 2307 449 2365 stantia.
476 2307 584 2366 Divini
600 2316 724 2384 gestant
740 2309 924 2366 sacramenti
941 2307 1045 2381 decus,
1062 2308 1145 2388 quod
1162 2307 1287 2366 coelesti
1302 2308 1449 2366 virtutum

324 2407 440 2468 lumine
455 2407 509 2466 illa
525 2429 647 2488 quoque
664 2409 796 2468 affectat.
826 2409 869 2468 Et
884 2411 945 2468 iam
960 2411 1039 2488 legis
1055 2411 1150 2489 ipsius
1165 2409 1261 2469 verba
1277 2409 1447 2468 audiamus.

324 2509 495 2570 Renuntiat
514 2508 658 2569 Jehovah
677 2511 754 2570 Lev.
773 2513 799 2583 7,
817 2514 873 2571 34;
897 2512 1012 2571 Pectus
1032 2513 1132 2591 inquit
1152 2512 1330 2590 agitationis
1351 2520 1382 2570 et
1402 2533 1449 2570 ar·

325 2632 407 2670 mum
435 2611 577 2670 elationis
607 2613 676 2692 cepi
705 2612 743 2671 ab
771 2613 923 2672 Israelitis
952 2632 991 2672 ex
1014 2613 1200 2672 salutaribus
1224 2632 1328 2671 eorum
1349 2615 1448 2673 'sacris

326 2733 426 2792 eaque
443 2712 514 2772 dedi
528 2711 666 2774 Aharoni
680 2713 832 2774 sacerdoti
849 2716 977 2794 eiusque
993 2715 1074 2774 filiis.
1097 2716 1167 2774 Deo
1183 2714 1303 2774 hostiae
1317 2716 1448 2788 viscera,

327 2815 511 2894 simulatque
533 2815 573 2874 ad
592 2817 708 2894 tugurii
728 2817 810 2876 fores
832 2815 966 2876 'adducta
987 2825 1042 2876 cst.
1079 2816 1141 2876 Sed
1163 2816 1240 2876 haec
1260 2816 1396 2875 membra
1415 2825 1449 2875 ut

325 2918 532 2976 ministrorum
555 2917 631 2977 fiant
655 2919 811 2991 sacrificii,
834 2919 984 2998 peculiari
1004 2917 1063 2978 sibi
1083 2918 1173 2978 modo
1194 2928 1318 2997 arrogat
1343 2919 1449 2979 divina

325 3019 471 3077 maiestas
481 3012 574 3101 ***)
595 3017 656 3092 Qui
673 3021 850 3096 agitationis
867 3023 927 3078 ritu
944 3029 974 3078 et
989 3021 1132 3079 elationis
1149 3019 1328 3079 absolvitur.
1358 3021 1449 3082 Prior

325 3121 397 3197 lege
412 3121 531 3200 pectori
553 3121 759 3193 constituitur,
783 3140 866 3179 armo
887 3121 996 3180 altera.
1026 3121 1123 3179 Vides
1141 3142 1232 3200 quarn
1248 3130 1320 3200 apte
1337 3123 1449 3180 consti-

327 3229 438 3282 tuatur.
473 3222 698 3282 Alimentorum
717 3223 785 3282 fons
800 3225 964 3300 porricitur
982 3225 1015 3282 in
1034 3223 1189 3282 essentiae
1211 3223 1335 3283 divinae
1356 3244 1448 3296 mare,

328 3322 410 3403 quod
429 3324 526 3382 fertur
548 3345 604 3404 per
623 3332 772 3386 terrarum
792 3324 905 3384 orbem.
944 3324 1045 3383 Infusi
1066 3325 1147 3383 euim
1166 3324 1257 3384 humo
1279 3325 1449 3384 divinitatis

326 3425 417 3483 flatus
447 3424 598 3504 quidquid
625 3427 712 3504 viget
739 3428 771 3486 in
798 3427 909 3486 tellure
931 3428 1070 3486 nutriunt
1093 3447 1129 3486 ac
1153 3436 1335 3487 sustentant.
1373 3427 1449 3487 Ideo

328 3547 471 3604 agrorum
485 3529 640 3606 primitiae
657 3528 765 3587 eadem
783 3529 970 3588 caerimonia
985 3537 1153 3588 sacrantur.
1198 3527 1314 3588 Contra
1332 3527 1450 3588 roboris

413 3761 434 3824 *l
454 3766 577 3812 Sesostris
595 3770 664 3813 certe
681 3770 780 3813 statuae
797 3768 823 3812 in
836 3767 940 3813 humero
954 3767 1103 3827 inscriptum
1116 3773 1182 3814 erat:
1197 3760 1258 3825 Ἐγώ
1268 3762 1315 3829 τὴν
1326 3764 1354 3815 δε
1364 3761 1451 3832 χώρην

329 3843 421 3914 ὤμοισι
431 3851 502 3898 τοῖσι
514 3849 599 3914 ἐμοῖσι
610 3845 765 3915 ἐκτησάμην.
788 3851 884 3896 Herod.
896 3853 929 3909 11,
945 3854 1000 3898 106.

397 3931 432 3994 **)
449 3936 589 3983 Versamnr
606 3937 632 3983 in
645 3937 733 3984 eodem
746 3935 923 3994 fundamento,
943 3951 973 3982 er
988 3949 1037 3995 quo
1053 3935 1170 3982 Philonis
1188 3933 1229 3996 (de
1241 3951 1338 3997 praem.
1351 3938 1449 3984 sacerd.

328 4035 352 4081 p.
362 4014 431 4087 832.)
444 4020 566 4068 iudicium
576 4025 732 4082 susceptum:
746 4017 876 4084 βραχίονᾳ
887 4019 934 4083 μὲν
945 4013 1000 4068 ἀπὸ
1010 4013 1096 4083 χειρὸς
1108 4016 1193 4074 δεξιᾶς
1204 4016 1236 4068 τὸ
1246 4020 1293 4085 μὲν
1304 4016 1395 4081 ἰσχύος
1407 4018 1451 4067 καὶ

329 4097 436 4169 ἀνδρίας
447 4102 491 4152 καὶ
502 4099 591 4170 πάσης
606 4103 718 4170 νομίμου
730 4099 847 4170 πράξεως
860 4103 886 4152 ἔν
896 4121 924 4152 τε
935 4103 972 4169 τῷ
981 4099 1081 4154 διδόναι
1089 4103 1133 4152 καὶ
1142 4101 1284 4171 λαμβάνειν
1292 4105 1336 4153 καὶ
1344 4102 1451 4170 ἐνεργεῖν

329 4184 471 4254 σύμβολον.

381 4271 430 4334 aas)
443 4275 515 4322 Unde
528 4278 609 4335 patet,
622 4279 718 4322 temere
730 4275 815 4324 fiotum
826 4289 882 4324 csse
893 4277 1031 4325 aKurtrio.
1044 4278 1062 4325 l.
1072 4278 1090 4325 l.
1100 4293 1125 4338 p.
1134 4279 1191 4337 148,
1205 4275 1271 4337 quod
1282 4276 1323 4323 his
1332 4276 1450 4337 partibus

330 4361 439 4419 factum,
451 4359 540 4408 valere
552 4360 688 4409 universae
701 4361 780 4410 carni.
