3434 5067
306 1246 386 1361 Ad
400 1297 424 1358 J
425 1298 541 1358 ehovae
555 1297 693 1357 militiam
709 1306 836 1358 evocata
849 1299 1057 1360 Israelitarum
1076 1299 1182 1359 civitas
1202 1320 1258 1379 per
1270 1301 1426 1359 nationum

306 1402 427 1479 agmina
440 1399 579 1479 procedit
593 1407 685 1480 atque
700 1401 776 1460 festo
793 1402 1009 1462 sanctimoniae
1024 1401 1133 1461 decore
1147 1403 1317 1481 conspicua
1351 1403 1425 1462 Uni-

305 1523 394 1562 versa
408 1502 490 1581 pacti
504 1501 634 1561 foederis
649 1502 771 1561 vinculo
788 1504 959 1562 constricta.
982 1503 1101 1562 Tamen
1113 1504 1299 1582 singulorum
1309 1505 1425 1562 animus

305 1624 405 1684 neque
427 1603 544 1680 integer
565 1591 647 1662 vitae
670 1604 830 1663 scelerisve
853 1625 961 1683 purus,
984 1625 1084 1684 neque
1107 1605 1231 1664 coelesti
1249 1605 1292 1663 ita
1307 1605 1425 1664 deditus

305 1705 381 1783 legi,
396 1712 430 1764 ut
444 1705 532 1782 regni
546 1705 601 1764 sub
617 1705 710 1782 signis
722 1705 816 1784 probe
825 1706 935 1765 militet
943 1706 1046 1767 divini.
1070 1704 1172 1780 Quare
1184 1707 1292 1785 impios
1306 1727 1427 1787 quoque
1441 1713 1446 1720 '

307 1814 337 1866 et
351 1807 495 1866 scelestos
511 1805 587 1866 adeo
604 1805 642 1865 ad
658 1826 744 1865 sacra
759 1807 896 1866 admotos
914 1807 1046 1886 fuisse*)
1067 1828 1129 1865 non
1148 1827 1312 1881 moramur,
1334 1815 1426 1887 atque

306 1907 346 1966 ad
368 1908 478 1966 altaria
503 1907 647 1968 accedere
673 1929 734 1967 non
762 1929 881 1988 semper
908 1908 1035 1967 candido
1062 1909 1248 1968 aeternitatis
1276 1908 1425 1980 desiderio

305 2009 469 2088 perculsos.
508 2007 570 2069 Sed
586 2010 636 2069 uti
659 2009 813 2089 perfectae
842 2010 997 2088 cujusdam
1025 2010 1136 2090 speciei
1161 2011 1260 2088 gloria
1288 2018 1426 2069 cunctum

305 2112 410 2191 populi
433 2111 526 2190 cingit
546 2112 673 2186 victum,
701 2113 744 2171 ita
767 2112 877 2170 clarius
899 2119 1028 2171 testatur
1052 2131 1204 2171 sacrorum
1228 2111 1425 2171 conformatio

305 2233 497 2294 nequaquam
512 2213 652 2274 absoluta
667 2221 802 2273 sanctam
822 2213 900 2291 legis
920 2213 1013 2293 ipsius
1028 2222 1180 2287 naturam,
1204 2233 1243 2272 ex
1257 2234 1317 2294 qua
1332 2213 1426 2272 divini

305 2315 381 2374 nihil
393 2315 450 2375 sibi
459 2315 620 2393 arrogabit,
635 2317 685 2392 qui
693 2337 775 2374 ruam
785 2336 844 2374 ooo
854 2325 941 2374 antea
950 2318 1071 2374 hostiam
1080 2317 1261 2394 iugulaverit.
1281 2315 1428 2373 Nituntur

307 2437 379 2494 ergo
396 2417 556 2490 sacrificia,
577 2416 680 2496 qualia
694 2416 733 2475 ab
747 2416 895 2476 Israelitis
914 2417 1070 2476 immolata
1085 2423 1167 2491 sunt,
1187 2416 1374 2475 hauddubie
1390 2411 1426 2474 iis

306 2526 474 2596 temporum
493 2517 670 2590 virtutibus,
690 2517 797 2597 quibus
812 2517 835 2576 J
837 2517 953 2578 ehovac
971 2538 1082 2578 numen
1097 2518 1135 2577 ab
1152 2517 1347 2576 instaurando
1364 2537 1426 2576 cor-

306 2638 380 2698 pore
393 2617 573 2697 profectum,
589 2617 670 2698 quod
686 2618 834 2697 spirituali
849 2619 1032 2678 substratum
1045 2619 1230 2696 estingenio,
1246 2618 1285 2677 ad
1300 2617 1427 2677 elatiora

305 2721 400 2779 vitam
415 2720 522 2800 populi
537 2719 641 2780 eduxit
655 2721 750 2779 initia.
776 2719 859 2778 Illud
875 2721 955 2778 enim
970 2729 1133 2794 certamen,
1149 2719 1313 2798 quodcum
1327 2721 1427 2778 anima
1445 2792 1447 2797 Ι

307 2841 413 2900 corpus
428 2823 567 2896 luctatur,
584 2841 663 2902 quae
677 2842 762 2882 suam
778 2821 910 2901 deponat
919 2822 1132 2895 substantiam,
1148 2821 1179 2879 in
1193 2822 1354 2880 sacrificali
1368 2823 1427 2880 ritu

307 2924 445 2982 cernitur.
474 2923 518 2982 Et
532 2924 563 2980 in
579 2943 614 2982 eo
629 2923 759 3002 refulget
773 2923 951 3003 profundius
968 2924 1141 2998 discrimen,
1164 2943 1223 3003 quo
1239 2931 1320 2983 terra
1335 2922 1428 2982 distat

308 3024 432 3098 acoelo,
446 3023 536 3082 homo
552 3043 571 3081 a
586 3023 753 3083 divinitate.
768 3058 811 3068 -—
829 3026 895 3084 Iam
911 3025 1045 3085 Iehovae
1059 3026 1091 3083 in
1106 3045 1165 3104 quo
1180 3026 1311 3083 essentia
1324 3031 1428 3082 manat

306 3126 504 3184 essentiarum
515 3125 626 3198 oblata,
643 3124 854 3204 qualicumque
866 3125 1024 3204 desumpta
1038 3146 1077 3184 ex
1087 3126 1218 3183 essentia
1231 3145 1286 3204 per
1300 3144 1333 3184 se
1348 3124 1428 3184 idem

305 3227 421 3286 valent.
450 3226 645 3286 Definiuntur
664 3225 783 3286 demum
804 3225 993 3286 offerentium
1011 3225 1122 3284 indole.
1153 3223 1240 3300 Quae
1255 3226 1428 3286 sinendum

308 3334 413 3402 cacat,
430 3329 496 3387 sola
512 3348 589 3407 quae
605 3347 671 3386 cum
687 3335 790 3386 sancto
806 3329 829 3388 J
830 3329 946 3387 ehovae
960 3328 1082 3388 numine
1096 3335 1246 3402 versetur,
1260 3335 1361 3386 tamen
1375 3328 1429 3388 ubi

308 3431 487 3509 secespitam
511 3436 626 3502 movet,
650 3431 734 3506 cujus
755 3429 824 3488 aevi
840 3429 999 3509 profitetur
1019 3428 1167 3488 desiderio
1188 3437 1240 3488 aut
1258 3429 1427 3510 impleatur,

307 3539 360 3590 aut
381 3540 461 3590 certe
483 3531 559 3590 velit
580 3529 707 3609 impleri.
753 3529 813 3605 Qui
839 3531 902 3589 alia
924 3551 991 3589 cum
1013 3539 1114 3591 mente
1142 3530 1289 3611 pecudem
1318 3530 1426 3603 caedti,

309 3633 332 3692 J
334 3632 449 3692 ehovae
464 3617 612 3710 sacrilega
625 3631 767 3711 profanat
781 3631 888 3692 dextra
903 3652 997 3691 sacra.
1031 3633 1154 3693 Pestem
1168 3653 1240 3692 vero
1256 3631 1428 3691 tremendus

311 3735 473 3794 ulciscetur
488 3753 580 3793 saeva
594 3734 729 3813 pernicie
743 3733 843 3794 iudex.
866 3735 985 3794 Tamen
1000 3733 1080 3814 quod
1097 3732 1164 3793 cum
1181 3735 1293 3792 deitate
1305 3741 1428 3812 pactum

310 3835 430 3908 foedus,
458 3836 636 3914 sinpolorum
654 3836 771 3895 malitia
793 3857 859 3912 uon,
878 3816 1035 3914 frangitur.
1073 3837 1116 3894 Et
1134 3834 1377 3914 quandoquidem
1396 3835 1428 3892 in

307 3934 362 3994 illa
376 3935 481 3996 haeret
491 3937 595 3998 horum
604 3938 780 4010 substantia,
794 3938 916 4016 publico
932 3938 1015 4018 cultu
1030 3936 1160 3995 civitatis
1175 3943 1343 3994 mactantur
1359 3935 1427 3994 reli-

307 4038 426 4116 giones,
442 4057 568 4117 quarum
581 4047 728 4119 perpetua
744 4039 871 4115 singulis
885 4037 1096 4118 dispensentur
1110 4038 1246 4115 auguria.
1273 4036 1425 4096 Israelita-

307 4159 373 4198 rum
387 4138 479 4217 igitur
493 4160 584 4220 quum
600 4141 685 4200 dotes
701 4159 768 4200 esse
782 4147 949 4219 nequeant,
965 4140 1038 4218 quin
1046 4140 1143 4199 intimi
1153 4140 1318 4198 animorum
1329 4145 1428 4198 motus
1497 4135 1500 4140 ’

354 4367 379 4427 ”)
391 4383 416 4415 v.
429 4368 558 4428 Venoma,
570 4367 610 4414 De
623 4369 721 4416 cunctis
733 4369 841 4418 Judseis
852 4369 895 4415 dei
908 4367 1055 4416 foederatis.
1074 4368 1185 4416 Dissert.
1199 4381 1264 4416 seer.
1280 4383 1305 4430 p.
1325 4369 1383 4416 289.

336 4445 399 4490 Soet.
414 4449 457 4490 rol.
1227 4451 1239 4488 l
