3434 5067
731 553 943 614 -17-

274 719 382 793 lentie,
398 719 430 778 id
445 717 527 800 quod
541 719 669 778 Davidis
683 721 878 800 praeconium
893 729 995 782 movet
1013 713 1119 786 erube
1135 728 1208 808 111111
1223 729 1319 789 buu
1333 732 1399 792 nv}

218 851 220 854 ·
273 821 325 881 Ps.
343 824 392 896 68,
411 824 463 895 10,
483 822 525 880 616
543 822 595 902 pia
610 821 739 880 hominis
757 823 924 882 liberalitas
940 824 979 883 ad
993 825 1148 903 fastigium
1162 828 1300 906 pervenit
1314 827 1397 902 hora,

275 923 395 1004 quando
411 923 630 982 sacerdotalem
645 925 830 984 aeternitatis
850 945 954 1004 regem
974 927 1086 986 salutat
1107 926 1246 1007 deposita
1262 928 1397 987 humani-

274 1027 345 1085 tatis
367 1025 406 1084 ad
435 1045 516 1083 aram
540 1045 662 1100 corona,
687 1045 777 1106 quam
799 1028 932 1086 vaticina
953 1030 1079 1107 porrigit
1103 1049 1167 1087 sors
1188 1029 1238 1088 Ps.
1262 1033 1338 1105 110,
1360 1033 1395 1092 3:

274 1117 375 1206 11161
389 1116 437 1187 bn
453 1115 493 1205 75
506 1131 605 1189 rnna
620 1131 715 1190 narn
730 1133 800 1211 nup
814 1134 919 1194 aaran
933 1119 1013 1207 aas
1029 1136 1293 1207 6111611161.

361 1229 461 1304 Quum
480 1227 610 1288 foederis
630 1229 821 1288 simulacrum
842 1232 920 1289 sacri
939 1233 1051 1309 tugurii
1076 1233 1301 1310 contignatione
1320 1232 1399 1292 inter

275 1331 429 1390 Israelitas
446 1331 635 1406 conderetur,
655 1332 741 1409 larga
755 1351 846 1390 manu
863 1333 1032 1408 conferunt,
1049 1354 1253 1414 quoscumque
1268 1335 1398 1414 impellit

275 1433 391 1491 animus
408 1423 473 1514 [135
487 1438 654 1499 1131111111
670 1439 736 1496 uta
748 1423 796 1514 52]
812 1435 871 1492 Ex.
880 1436 930 1509 25,
940 1438 968 1509 2,
984 1435 1131 1516 quidquid
1145 1437 1270 1515 pretiosi
1285 1435 1398 1494 babent
1417 1488 1421 1498 .

275 1542 366 1614 atque
388 1535 517 1593 sacrario
546 1533 710 1613 adaptandi
734 1537 788 1609 35,
811 1538 849 1593 21
875 1556 940 1615 sqq.
987 1535 1102 1610 Quouis
1126 1557 1214 1596 mane
1237 1537 1399 1615 adiguntur

276 1635 373 1694 denuo
399 1635 438 1695 ad
460 1636 601 1695 munifica
623 1636 703 1694 dona
719 1638 772 1710 36,
793 1639 821 1696 3.
858 1639 1021 1696 Exstructo
1045 1638 1169 1697 delubro
1191 1639 1397 1698 munificentia

273 1758 334 1796 non
360 1738 530 1815 abrogatur.
573 1738 703 1798 Grandis
725 1738 757 1795 in
781 1737 967 1819 aedificando
987 1739 1100 1819 templo
1124 1759 1244 1820 quoque
1266 1741 1397 1800 cernitur

276 1842 303 1899 1.
326 1839 436 1900 Obron.
457 1842 510 1915 29,
532 1842 559 1898 9.
599 1838 660 1898 Sed
683 1839 771 1899 nihili
793 1847 852 1914 est,
883 1843 995 1921 quippe
1017 1862 1096 1923 quae
1118 1843 1270 1921 propriam
1294 1849 1397 1926 teneat

273 1962 374 2002 rursus
401 1941 542 2002 Jebovae
565 1942 659 2021 ipsius
686 1943 717 2000 in
740 1943 839 2019 gratia
862 1945 1023 2002 essentiam
1051 1966 1079 2003 v.
1104 1945 1152 2002 14.
1178 1946 1227 2004 17.
1264 1944 1307 2003 Et
1326 1943 1396 2002 huic

274 2045 367 2103 aetati
395 2045 492 2102 116166
520 2051 662 2104 resonant
691 2051 827 2124 tempora
855 2046 923 2104 Esr.
947 2048 979 2120 1,
1003 2047 1031 2104 6.
1055 2048 1088 2118 2,
1112 2047 1161 2104 68.
1204 2029 1396 2104 Desiderium

266 2146 357 2226 -quod
379 2146 456 2205 coeli
483 2147 600 2226 quaerit
621 2147 653 2204 in
674 2154 754 2206 terra
776 2148 972 2222 monimenta,
1000 2146 1182 2206 desiderium
1204 2147 1285 2226 quod
1309 2146 1395 2206 divos

273 2247 464 2329 prosequitur
482 2247 628 2307 humanas
649 2269 704 2328 per
724 2249 866 2326 ambages
891 2250 1038 2323 tramites,
1065 2247 1122 2307 hoc
1143 2256 1203 2322 est,
1227 2248 1308 2329 quod
1333 2269 1395 2306 ma-

273 2371 329 2408 nus
361 2349 552 2427 largientium
577 2351 756 2430 repleverat.
808 2350 894 2409 Idem
922 2348 1071 2408 sacrificia
1100 2357 1260 2429 occupant,
1287 2350 1394 2408 volun-

273 2453 351 2510 taria
374 2451 430 2510 deo
454 2471 532 2530 quae
554 2451 673 2511 cadunt.
709 2455 776 2511 Esr.
797 2455 830 2526 3,
852 2453 881 2510 5.
919 2450 1016 2525 Quam
1042 2451 1191 2530 profunda
1214 2471 1251 2511 ea
1272 2452 1396 2510 valeant

272 2554 385 2634 populo
401 2553 616 2631 intelligentia,
632 2554 753 2630 agmina
768 2561 922 2628 enarrant,
939 2573 1017 2633 quae
1031 2573 1087 2611 sua
1102 2560 1209 2632 sponte
1225 2553 1263 2611 ad
1279 2572 1395 2611 sacram

273 2656 414 2716 Jehovae
433 2656 572 2714 militiam
592 2675 624 2714 se
644 2653 837 2714 insinuabant
861 2653 989 2733 (nullm)
1011 2654 1084 2713 Jud.
1102 2658 1134 2728 5,
1151 2657 1179 2712 2.
1196 2657 1224 2713 9.
1249 2657 1266 2711 2
1284 2653 1394 2714 chron.

275 2760 324 2832 17,
342 2760 391 2818 16.
422 2757 519 2832 Quem
536 2757 575 2816 ad
590 2755 740 2837 captanda
754 2756 894 2816 Jebovae
910 2757 1036 2833 auguria
1052 2756 1214 2814 concitavit
1228 2750 1348 2833 religio,
1368 2756 1394 2814 is

273 2859 363 2918 modo
386 2867 480 2918 semet
506 2861 603 2936 ipsum
625 2857 729 2933 tradit,
756 2857 844 2916 modo
868 2858 915 2916 cui
938 2857 1067 2915 animam
1090 2857 1256 2916 substravit
1276 2877 1393 2915 munus.

273 2961 361 3017 Haec
377 2965 446 3015 sunt
461 2977 539 3036 quae
553 2960 726 3018 voluntaria
740 2960 866 3019 dicimus
881 2979 976 3018 sacra.
1005 2959 1042 3016 In
1063 2959 1119 3017 deo
1140 2957 1252 3017 babent
1270 2958 1393 3032 fontem,

275 3059 443 3132 terminum,
458 3056 584 3137 pondus.
607 3056 696 3131 Quod
710 3061 855 3138 peculiari
870 3080 931 3119 non
947 3059 1019 3118 data
1033 3080 1108 3119 ansa
1123 3060 1253 3139 supplex
1265 3059 1393 3118 bominis

275 3160 466 3241 amplectitur
480 3159 610 3219 devotio.

357 3265 466 3343 Itaque
482 3281 559 3342 quae
574 3261 694 3321 nomine
709 3281 744 3321 ac
759 3262 818 3321 ritu
832 3261 976 3340 distingui
996 3263 1190 3342 cognovimus
1209 3265 1268 3323 tria
1283 3263 1393 3323 saluta-

273 3366 349 3424 rium
377 3365 590 3424 sacrificiorum
616 3383 728 3441 genera
751 3365 782 3424 in
804 3368 903 3424 eadem
924 3373 1082 3425 versantur
1106 3365 1261 3444 religionis
1282 3364 1393 3439 indole,

273 3468 391 3526 variata
406 3467 527 3547 quidem
542 3467 670 3539 diverse,
686 3485 723 3525 ex
738 3486 797 3548 quo
812 3468 905 3526 menti
920 3468 1088 3547 suscipitur,
1103 3468 1242 3547 impulsu.
1264 3467 1300 3526 In
1315 3466 1393 3525 banc

273 3570 341 3628 ideo
366 3570 497 3627 omnium
520 3570 619 3628 omina
642 3575 764 3642 exeunt,
787 3575 820 3626 ut
838 3569 974 3645 generali
993 3570 1058 3628 eius
1077 3570 1178 3649 specie
1193 3577 1300 3627 cuncta
1315 3587 1391 3626 com·

273 3669 506 3751 prehendantur.
543 3669 680 3750 Apparet
702 3671 745 3728 ita
767 3671 798 3729 in
820 3671 963 3730 Mosaieis
989 3671 1133 3730 institutis
1162 3669 1315 3743 distincte,
1340 3669 1393 3729 ubi

273 3774 363 3832 Num.
380 3773 469 3846 6,14
495 3773 635 3831 Nasiraei
656 3773 734 3831 aries
754 3780 878 3852 peracto
901 3780 973 3832 voto
995 3773 1166 3832 immolatus
1188 3772 1227 3830 ad
1249 3771 1393 3830 salutaria

274 3874 400 3932 refertur
415 3893 513 3948 sacra,
534 3881 564 3933 et
581 3881 793 3934 enumerantur
812 3874 929 3934 hostiae
950 3875 1041 3933 Deut.
1058 3877 1109 3947 16,
1124 3876 1153 3932 2.
1170 3875 1211 3932 10
1226 3894 1291 3954 sqq.
1307 3873 1392 3933 festis

274 3974 388 4034 diemm
407 3975 646 4036 solemnitatibus
665 3975 808 4035 litandae.
838 3976 929 4036 Unde
948 3975 1030 4035 haud
1049 3976 1191 4053 exiguum
1209 3983 1392 4035 momentum

274 4075 313 4136 ad
329 4076 566 4135 constituendam
581 4079 708 4138 nominis
724 4067 833 4140 ΠἾὯΒὯ
849 4078 1003 4135 notionem
1016 4077 1243 4156 reportabimus.

360 4177 459 4252 Quum
479 4178 517 4236 de
536 4179 685 4258 religiosis
709 4200 799 4259 supra
819 4185 1086 4238 commentaremur
1107 4178 1294 4238 sacrificandi
1312 4177 1392 4257 prin·

274 4281 369 4360 cipiis,
385 4299 463 4360 quae
477 4280 562 4338 varia
577 4280 747 4339 litationem
762 4301 876 4358 genera
891 4280 1107 4354 constituerint,
1122 4280 1221 4338 visum
1236 4286 1282 4338 est
1295 4279 1391 4353 nobis,

274 4389 307 4440 ut
321 4383 494 4441 salutarium
513 4400 663 4441 sacrorum
683 4383 786 4442 nativa
805 4384 851 4442 vis
872 4383 905 4442 in
924 4381 1053 4441 motibus
1068 4387 1196 4439 scateret
1207 4382 1339 4458 91611066
1354 4399 1393 4438 ex

317 4478 380 4520 8601.
395 4479 438 4520 sal.
1210 4480 1223 4518 2
