3434 5067
799 533 1013 590 ...18—

345 701 531 762 revelatione
539 700 562 760 J
563 699 678 759 eborae
694 701 848 779 susceptis,
875 701 1052 778 Benignitas
1066 699 1161 781 sancti
1175 700 1305 758 numinis
1320 692 1464 780 perpetua

346 805 378 862 in
391 800 575 882 praecordiis
595 803 668 861 istos
689 803 819 860 concitat
837 821 957 876 sensus,
980 802 1031 881 qui
1054 809 1106 859 aut
1125 821 1191 860 eam
1207 821 1298 881 quam
1311 802 1402 862 modo
1417 823 1463 862 ex·
1519 860 1526 877 ,

338 907 423 984 *perti
447 913 517 964 sunt
537 903 766 984 beneficentiam
794 903 983 982 praedicent,
1010 910 1062 962 aut
1089 902 1215 960 adorent
1236 922 1327 984 quam
1349 924 1464 984 semper

347 1008 549 1085 experiuntur.
588 1005 726 1064 Alterum
753 1005 931 1064 voluntariis
957 1005 1124 1064 absolvitur
1148 1004 1291 1078 victimis,
1316 1007 1412 1085 prius,
1440 1008 1465 1065 si

347 1109 507 1168 devotione
521 1114 687 1186 provocata
701 1105 839 1181 laudant,
855 1105 979 1180 votivis,
999 1107 1046 1165 sin
1060 1106 1179 1165 liberali
1196 1125 1338 1165 concessa
1352 1108 1463 1166 miseri-

347 1210 479 1283 cordiae,
503 1207 674 1268 laudativis.
712 1197 828 1282 Quibus
850 1209 1019 1266 constitutis
1033 1208 1093 1265 iam
1109 1206 1146 1265 de
1160 1207 1281 1266 nomine
1296 1207 1377 1266 haud
1392 1210 1464 1268 mul·

345 1318 409 1370 tum
425 1311 481 1370 erit
495 1309 714 1387 ambigendum.
744 1310 885 1389 Namque
899 1309 949 1367 ubi
966 1315 1066 1372 uruat
1081 1309 1220 1368 dicuntur
1240 1309 1386 1368 salutaria
1400 1312 1464 1370 sola

346 1412 504 1486 sacrificia,
525 1411 730 1491 appellatione
745 1410 909 1469 reflectitur
921 1412 968 1469 vis
989 1410 1028 1469 ad
1047 1430 1114 1470 eam
1132 1410 1216 1468 verbi
1237 1415 1299 1473 l'ffit'
1318 1411 1463 1488 significa-

344 1515 470 1588 tionem,
494 1534 553 1592 qua
575 1513 695 1572 omnino
717 1520 849 1570 mactare
872 1519 958 1570 notat
979 1511 1018 1570 ad
1039 1513 1144 1591 epulas
1164 1512 1353 1571 instruendas
1361 1513 1399 1592 ²¹²).
1428 1515 1464 1572 In

345 1615 402 1673 hoc
418 1616 498 1674 enim
512 1597 638 1674 mactatu
654 1617 695 1674 ool
708 1616 900 1672 adornandos
915 1614 1094 1687 merentium
1108 1616 1198 1690 dapes
1207 1623 1330 1690 patrato
1343 1615 1464 1694 propria

344 1717 454 1775 rituum
475 1716 602 1774 vertitur
623 1715 791 1773 diversitas.
828 1714 942 1774 Contra
965 1715 990 1772 si
1009 1704 1117 1778 ntnbn
1141 1715 1279 1789 audiunt,
1303 1723 1405 1794 aperte
1425 1735 1462 1773 ex

344 1818 486 1897 primaria
500 1818 584 1876 vocis
599 1818 695 1876 forma
710 1817 773 1874 Kal
793 1804 859 1879 nbffl
879 1815 1132 1893 progrediendum
1147 1824 1205 1891 est,
1229 1837 1288 1896 qua
1305 1817 1461 1894 integrum,

345 1919 463 1977 salvum
478 1938 544 1978 esse
560 1919 716 1996 significat.
745 1918 835 1978 Unde
854 1917 947 1978 LXX
966 1919 1144 1998 interpretes
1164 1925 1216 1976 aut
1231 1913 1382 1999 σωτήριον
1397 1917 1462 1976 sub

345 2021 505 2080 stituerunt
520 2029 572 2078 aut
587 2015 720 2099 εἰρηνικὴ
737 2019 847 2086 θυσία,
869 2027 899 2078 et
912 2019 1024 2078 Philon
1039 2019 1077 2078 de
1091 2020 1161 2080 ‚vict
1176 2041 1206 2098 p.
1223 2020 1286 2078 650
1300 2020 1336 2078 Β.
1360 2015 1416 2096 τὴν
1431 2014 1463 2078 δὲ

345 2123 399 2181 τοῦ
419 2121 570 2202 σωτηρίου
591 2119 754 2199 λεγομένην
774 2120 878 2179 solidis
894 2120 1004 2179 obiecit
1023 2120 1141 2194 hostiis,
1166 2129 1196 2179 et
1210 2119 1364 2198 Josephus
1378 2121 1463 2181 Antt.

343 2223 495 2296 111.9,1.
518 2223 689 2300 generalius
709 2223 805 2282 basim
826 2217 1022 2302 χαριστήριος
1044 2220 1142 2281 scala
1163 2229 1284 2280 vertens
1307 2224 1462 2301 expressit.

344 2325 465 2382 Etenim
484 2325 599 2402 gratioe
614 2327 728 2383 divinoe
750 2321 909 2382 efficacitas
928 2325 959 2380 in
978 2326 1106 2382 bumana
1126 2343 1243 2404 semper
1256 2332 1364 2382 natura
1377 2326 1464 2400 paors

345 2426 501 2504 corripitur
510 2433 540 2483 et
547 2427 649 2484 salutis
662 2433 788 2484 tremore
798 2425 855 2504 **).
881 2425 986 2485 Gratia
994 2425 1017 2484 J
1018 2424 1134 2484 ehovae
1142 2424 1297 2507 quodlibet
1305 2425 1464 2483 discrimen

344 2535 509 2605 superatur.
532 2527 720 2604 Integritatis
734 2526 845 2603 gaudia
861 2547 896 2585 ac
909 2526 1063 2606 perfectae
1082 2547 1150 2586 cum
1168 2526 1224 2586 deo
1241 2526 1463 2586 consuetudinis

344 2627 518 2687 adoriuntur
532 2636 668 2707 pectora,
690 2647 767 2708 quae
783 2628 935 2687 coelorum
949 2629 1038 2688 beato
1053 2629 1173 2706 fulgure
1189 2636 1328 2687 contacta
1341 2627 1464 2686 horrent

344 2729 529 2787 aeternitatis
544 2729 695 2809 mysteria.

429 2829 546 2888 Tamen
570 2829 645 2889 haec
665 2831 826 2909 explicatio
846 2830 936 2888 hodie
954 2829 1076 2888 minime
1097 2830 1233 2889 omnibus
1251 2831 1407 2908 probatur,
1429 2839 1464 2888 ut

344 2950 453 3010 operae
467 2931 596 3010 pretium
616 2931 667 3004 sit,
690 2932 721 2988 in
741 2950 777 2988 ca
795 2931 899 3009 paullo
917 2930 1037 3010 plenius
1055 2932 1213 2990 immorari.
1247 2931 1341 2991 Haud
1357 2933 1463 3011 paucis

342 3032 459 3112 placuit
472 3031 683 3112 interpretibus
698 3033 730 3090 in
745 3031 915 3092 definienda
929 3033 1058 3093 nominis
1073 3035 1189 3094 ratione
1209 3035 1309 3113 potius
1324 3034 1364 3092 ad
1377 3033 1463 3093 verbi

343 3133 469 3192 formam
483 3135 551 3194 Piel
565 3134 674 3209 redire,
692 3135 738 3192 cui
752 3134 942 3208 restituendi,
962 3134 1160 3214 rependendi,
1175 3134 1351 3194 absolvendi
1365 3136 1462 3193 notio-

342 3255 411 3293 nem
427 3235 596 3310 vindicant,
618 3249 652 3295 nt
670 3225 779 3298 uitabat
798 3235 944 3294 sacrificia
959 3237 1031 3310 sint,
1056 3237 1162 3315 quibus
1178 3234 1258 3315 quod
1272 3237 1463 3315 interipsum

343 3356 379 3394 ac
394 3335 482 3394 deum
496 3337 648 3396 turbatum
663 3337 866 3396 intercesserit
883 3335 998 3394 reficiat
1016 3337 1119 3411 homo,
1142 3337 1248 3417 quibus
1268 3336 1401 3396 debitum
1416 3357 1462 3395 re-

342 3437 453 3496 tribuat
469 3445 560 3518 atque
573 3438 758 3517 postulatum
773 3437 810 3497 ab
826 3437 849 3497 J
850 3438 948 3497 ehova
965 3437 1121 3513 honorem,
1145 3439 1252 3518 quibus
1263 3440 1398 3522 amicam
1417 3439 1463 3517 pii

343 3559 410 3598 cum
434 3559 469 3598 eo
493 3539 737 3598 consuetudinem
766 3560 826 3620 qua
852 3546 1011 3603 caruerunt
1036 3540 1189 3613 sarciant,
1211 3547 1322 3598 sartam
1349 3547 1462 3598 tectam

341 3649 503 3700 reservent.
528 3639 589 3722 ,Sed
604 3641 679 3700 haec
694 3642 794 3720 opinio
811 3654 891 3700 certe
906 3661 1003 3722 aeque
1016 3640 1096 3698 falsa
1110 3660 1146 3698 ac
1159 3641 1314 3718 divulgata
1329 3639 1462 3719 est***).

340 3741 495 3818 Prognata
512 3743 632 3803 videtur
652 3763 690 3802 ex
709 3762 804 3819 more,
828 3763 888 3822 quo
902 3743 1050 3802 Hebraeis
1068 3743 1331 3821 vota-persolvere
1351 3741 1462 3800 dicitur

344 3877 390 3884 ...-

423 3940 448 4004 ⁴‘)
460 3947 500 3993 Ita
512 3948 563 3994 iam
576 3947 682 3994 Outram
694 3962 718 4008 p.
734 3949 790 3994 107.

409 4024 449 4088 ⁴⁸)
462 4031 541 4077 Vides
553 4046 627 4091 quam
640 4037 710 4078 casta
722 4031 816 4078 amoris
826 4031 963 4091 prudentia
973 4031 1059 4090 fuerit,
1071 4045 1135 4090 quae
1147 4031 1211 4077 Nor.
1219 4030 1375 4087 Testamenti
1386 4031 1461 4078 testi—

340 4115 389 4162 bus
403 4115 570 4175 epistolarum
586 4118 612 4162 in
624 4115 834 4176 inscriptionibus
851 4116 917 4161 illud
932 4110 1010 4180 χάρις
1020 4113 1065 4161 καὶ
1076 4110 1160 4180 εἰρήνη
1176 4115 1342 4174 suggesserit.
1367 4115 1462 4163 Gratia

340 4199 454 4244 fulminis
475 4200 557 4246 instar
575 4200 667 4246 emicat
684 4199 791 4246 obscuro
812 4201 957 4247 divinitatis
974 4215 1004 4246 ex
1020 4203 1131 4248 numine.
1157 4203 1227 4248 Ictus
1244 4213 1292 4260 quo
1307 4199 1462 4260 praecordia

339 4283 450 4340 percutit
461 4284 532 4342 pacis
544 4285 627 4330 salute
640 4284 772 4344 excipitur.
881 4277 885 4286 ’

391 4359 447 4424 m)
461 4366 550 4414 Testes
562 4370 722 4416 enumeravit
734 4370 821 4418 Scholl
834 4371 852 4416 l.
865 4370 883 4416 l.
895 4370 926 4430 V,
938 4370 958 4416 1.
970 4383 996 4430 p.
1010 4372 1058 4419 108
1070 4385 1124 4430 sqq.
