3434 5067
806 450 994 508 „5-

229 659 233 666 ·
337 618 423 693 Quae
439 637 531 697 quum
546 637 607 676 non
626 617 750 676 exsistat
765 618 824 677 iam
839 619 871 674 in
886 625 1006 676 terrena
1021 618 1193 677 conditione
1207 638 1306 698 neque
1321 621 1460 683 absoluta

336 721 376 780 sit
397 719 549 778 aetherea
563 720 675 795 image,
699 739 760 777 una
782 739 848 778 cum
869 719 983 797 populo
1003 719 1174 783 sacerdotes
1197 740 1316 800 quoque
1337 742 1356 779 a
1375 721 1459 781 Sinai

336 820 514 881 tremoribus
538 820 738 898 repelluntur,
761 841 790 878 v.
811 823 866 894 24,
888 840 927 879 ne
948 821 1113 897 grandibus
1128 821 1269 881 Jehovae
1284 822 1457 882 horroribus

271 957 274 966 ·
337 930 556 982 consumantur.
587 921 688 980 Moses
707 928 823 980 tantum
839 929 869 980 et
884 921 1009 980 Aharen
1029 922 1216 981 adscendunt
1235 923 1274 981 ad
1293 924 1457 1003 percipien-

336 1024 405 1084 dam
419 1025 560 1101 gloriam,
582 1043 642 1102 qua
661 1023 739 1100 legis
759 1024 790 1081 in
810 1043 927 1082 summa
945 1023 1051 1081 foedus
1072 1025 1274 1101 inauguratur.
1305 1024 1373 1099 Quo
1390 1046 1458 1084 con-

336 1127 439 1185 stituto
456 1126 532 1201 legis
548 1125 682 1194 terrestri
697 1125 728 1182 in
744 1125 841 1182 forma
856 1124 970 1182 selecta
985 1145 1053 1183 cum
1067 1133 1158 1201 gente
1173 1126 1197 1184 J
1198 1125 1317 1184 ehovah
1331 1127 1457 1186 habitat.

335 1227 540 1286 Habitationis
556 1244 656 1289 rursus
671 1227 748 1303 legis
764 1225 887 1285 tabulae
902 1226 1045 1284 exhibent
1065 1226 1200 1303 effigiem.
1234 1228 1292 1286 His
1308 1229 1360 1306 qui
1374 1248 1457 1287 acce-

336 1329 423 1402 dunt,
447 1329 506 1386 huc
528 1329 580 1408 qui
602 1328 754 1387 adducunt
776 1328 935 1407 populum,
961 1328 1131 1387 sacerdotes
1154 1336 1231 1387 sunt.
1272 1329 1309 1386 In
1331 1329 1367 1386 iis
1388 1329 1457 1389 ideo

334 1429 439 1509 populi
461 1438 569 1488 natura
591 1438 621 1488 et
639 1429 780 1488 Jehovae
801 1438 910 1506 ooeupt
927 1429 1037 1506 gloria,
1060 1431 1119 1507 ipsi
1141 1430 1364 1490 foederatorum
1388 1439 1458 1489 sunt

335 1532 516 1590 internuntii.
547 1531 664 1589 Tamen
679 1530 819 1589 Jehovae
837 1532 869 1587 in
887 1531 924 1588 iis
940 1531 1086 1590 revelatio
1101 1532 1248 1589 Israelitis
1263 1552 1324 1590 non
1339 1533 1457 1609 integra

335 1631 604 1712 comprehenditur.
634 1633 774 1710 Namque
794 1639 930 1690 sanctum
946 1632 1010 1690 eius
1026 1639 1117 1711 atque
1132 1632 1259 1691 sublime
1275 1653 1386 1692 numen
1401 1640 1456 1707 est,

335 1735 417 1792 ouius
432 1753 531 1792 rerum
546 1733 725 1792 universitas
747 1733 820 1792 flatu
838 1741 971 1806 tenetur,
992 1735 1075 1791 cuius
1094 1733 1191 1792 halitu
1206 1742 1390 1793 sustentatur
1403 1756 1455 1814 po-

333 1836 397 1914 puli
411 1837 475 1893 vita
489 1817 524 1894 ac
540 1836 681 1912 cingitur,
698 1835 781 1894 cuius
802 1835 945 1894 instinctu
960 1836 1145 1911 singulorum
1159 1835 1337 1912 praecordia
1356 1836 1455 1915 palpi-

333 1945 407 2038 tapt,
424 1937 507 1995 errius
523 1938 629 2015 spiritu
642 1944 781 1994 movetur
795 1936 934 1996 fortunae
943 1956 1026 1994 uma.
1049 1937 1236 1995 Hocuumen
1249 1937 1299 1995 ubi
1309 1936 1454 1996 humanas

333 2046 448 2098 mentes
464 2038 614 2116 percellit,
630 2058 691 2096 non
707 2045 763 2110 est,
781 2039 827 2096 cui
843 2033 1012 2096 devotionis
1028 2037 1108 2097 dona
1123 2037 1298 2111 offerantur,
1313 2039 1371 2098 nisi
1387 2039 1454 2116 ipsi.

334 2139 488 2218 Quidquid
511 2140 589 2198 enim
611 2139 734 2200 humani
757 2139 842 2213 abest
865 2139 902 2197 ab
925 2139 982 2198 hac
1002 2139 1117 2198 immoti
1138 2141 1303 2198 maiestate.
1342 2140 1455 2200 Contra

333 2242 522 2300 internuntiis
537 2241 630 2300 utitur
637 2241 660 2300 J
661 2231 776 2299 ehovae
785 2241 927 2298 voluntas
943 2248 1035 2319 atque
1050 2242 1152 2300 arcani
1166 2242 1296 2300 nominis
1312 2242 1454 2321 interpre-

333 2343 424 2417 tibus,
443 2343 495 2402 ubi
511 2350 541 2400 et
555 2351 662 2401 natura
678 2350 709 2400 et
723 2342 877 2400 hominum
892 2343 956 2400 vita
970 2342 1176 2401 introducatur
1191 2344 1221 2400 in
1237 2344 1363 2402 consilia
1378 2344 1453 2401 vati-

333 2443 469 2517 cinantis,
485 2443 611 2518 beantiS,
628 2445 838 2508 consecrantis
854 2444 957 2502 Etiam
966 2444 1023 2502 hoo
1034 2445 1273 2523 effectupectora
1282 2452 1453 2521 tanguntur.

333 2546 481 2630 Coelestis
496 2545 601 2625 populi
617 2545 711 2603 divini
727 2546 904 2618 substantia,
920 2545 1018 2625 qualis
1034 2546 1222 2604 sacerdotum
1237 2554 1295 2618 est,
1310 2546 1380 2604 huic
1395 2545 1453 2604 effi-

332 2650 432 2707 caciae
446 2647 572 2726 praebet
586 2647 719 2706 divinam
735 2648 875 2725 speciem.
900 2647 975 2713 ldeo¹
985 2647 1032 2705 his
1047 2647 1211 2718 traduntur,
1228 2668 1305 2726 quae
1313 2648 1337 2706 J
1338 2647 1453 2706 ehovae

333 2749 454 2823 cedunt,
478 2748 570 2821 dona,
596 2769 721 2828 quorum
742 2769 800 2808 usu
821 2749 893 2807 diva
915 2770 982 2808 curn
1004 2749 1132 2808 hominis
1155 2749 1268 2806 sociata
1291 2749 1455 2808 honoretur

331 2860 438 2910 natura
453 2859 483 2910 et
496 2851 685 2930 praedicetur
702 2858 732 2908 et
746 2849 924 2924 advocetur,
945 2872 1005 2930 qua
1019 2851 1043 2909 J
1044 2851 1160 2909 ehovac
1175 2849 1328 2909 ineffabile
1342 2871 1453 2910 numen

331 2973 417 3014 suum
431 2953 510 3030 regit
524 2952 675 3012 mundum.

408 3055 489 3112 Hinc
503 3054 635 3112 nascitur
652 3052 733 3112 istud
748 3053 922 3125 discrimen,
947 3074 1006 3132 quo
1027 3055 1183 3112 oblationes
1203 3073 1222 3110 a
1240 3054 1391 3130 oocm'siciir
1411 3054 1452 3113 di·

243 3145 246 3150 *
331 3155 529 3232 stinguendae
551 3164 627 3214 sunt.
670 3155 947 3232 Consenguinitatis
970 3154 1132 3230 ligamento
1155 3163 1259 3231 aperto
1282 3155 1452 3214 cohaerent.

330 3259 421 3316 Deut.
440 3260 492 3330 12,
509 3259 537 3316 6.
560 3257 697 3336 Utraque
717 3257 756 3315 ad
777 3257 856 3316 dona
875 3257 1026 3336 pertinent
1045 3256 1185 3315 Jehovae
1207 3256 1326 3316 devota.
1361 3257 1453 3316 Talia

331 3360 385 3418 illa
401 3379 529 3440 quoque,
547 3379 624 3438 quae
639 3380 657 3416 a
673 3360 794 3418 civitate
810 3359 849 3417 ad
866 3358 1078 3417 exstruendum
1089 3359 1252 3416 sacrarium
1260 3360 1453 3418 conferuntur

331 3459 464 3539 (ῊὮἹἾΠ)
484 3461 543 3519 Ex.
561 3462 613 3532 25,
631 3463 735 3534 2-3‚
755 3461 829 3518 talia
849 3461 946 3537 ligna,
968 3481 1045 3539 quae
1067 3460 1138 3518 olim
1152 3460 1328 3533 Nethinaei,
1349 3481 1451 3518 verum

331 3562 385 3620 suh
401 3563 496 3622 altero
513 3563 624 3640 templo
639 3562 682 3641 pii
698 3582 735 3620 ex
745 3562 859 3620 Israele
876 3562 1077 3640 apportabant
1091 3562 1169 3620 festo
1179 3562 1236 3632 dic,
1252 3562 1329 3619 Neh.
1342 3564 1390 3633 10,
1400 3563 1450 3620 35.

332 3665 381 3737 13,
398 3665 489 3742 31*),
510 3665 567 3743 ipsi
581 3684 670 3742 porro
686 3663 813 3722 Levitae
830 3662 942 3742 (narni)
963 3663 1053 3722 Num.
1070 3666 1103 3735 8,
1120 3666 1158 3722 16
1181 3671 1210 3721 et
1230 3664 1280 3742 qui
1301 3663 1397 3721 libero
1413 3684 1451 3722 ex

330 3766 461 3843 impulsu
468 3766 491 3825 J
493 3765 608 3824 ehovae
624 3765 787 3824 munisterio
804 3785 837 3823 se
852 3765 1048 3837 tradiderunt,
1063 3764 1189 3841 Joseph.
1198 3764 1270 3822 Ant.
1278 3765 1333 3839 IV,
1345 3768 1372 3824 9.
1396 3766 1449 3823 Di-

329 3867 400 3924 vina
415 3875 561 3945 oppetunt
572 3868 671 3926 omnia
686 3867 819 3944 auguria,
835 3874 937 3925 tamen
952 3887 1005 3925 suc
1022 3865 1161 3950 quodque
1176 3866 1273 3924 mode.
1298 3866 1451 3926 Sacrificio

329 3960 390 4026 non
411 3968 613 4042 dantur,·nisi
632 3971 664 4027 in
684 3969 845 4028 coelestem
865 3969 1006 4028 Jehovae
1024 3988 1115 4025 unam
1133 3968 1334 4041 voluntatem,
1358 3989 1450 4047 quum

330 4069 414 4129 dotes
438 4071 558 4128 omnino
580 4049 754 4149 praedicent
769 4067 910 4128 Jehovae
932 4060 1042 4128 numen
1064 4090 1119 4149 per
1137 4071 1219 4129 vitae
1239 4070 1372 4128 ordinem
1392 4077 1448 4128 ter-

341 4215 532 4222 ⁸*—

376 4285 400 4351 *l
413 4305 437 4340 v.
450 4291 612 4352 Leidekker,
626 4291 656 4340 de
669 4290 768 4353 republ.
781 4289 863 4340 Hehr.
875 4306 900 4354 p.
913 4291 970 4339 627.
