3434 5067
755 545 798 554 ..
840 512 881 570 29
926 547 967 555 -.

1038 611 1060 648 a

296 687 491 762 praesumpta
506 679 561 739 illa
575 679 685 740 iudicio
700 680 811 740 rituum
826 680 1012 758 distributio,
1028 701 1089 762 qua
1102 682 1238 761 gratibus
1253 685 1422 765 impetrata,

296 781 487 863 impetranda
500 781 640 862 precibus
656 782 802 844 celebrari
816 783 965 843 beneficia
978 785 1216 865 0010000001*).
1237 787 1330 846 Justa
1343 788 1422 846 enim

295 884 1422 966 Baehrpersuasioneduotusest,ubiorationibusomninosacrificaliincultu

235 1049 237 1054 ,
296 987 396 1046 locum
409 987 542 1064 negavit,
556 987 613 1045 0101
626 987 678 1046 vix
687 988 770 1066 justa
782 988 810 1048 01
822 996 999 1065 argumenta
1006 991 1205 1070 supposuerit.
1224 991 1330 1050 Potius
1340 991 1421 1068 sigil-

297 1087 384 1147 latim
397 1088 529 1148 cohiberi
542 1108 603 1146 non
611 1095 760 1168 poterant,
774 1073 852 1169 quae
860 1089 984 1150 cuilibet
995 1072 1136 1150 victimae
1149 1093 1317 1151 substratae
1327 1100 1420 1153 erant.

298 1188 374 1263 Quis
396 1189 518 1250 tandem
541 1199 600 1265 est,
622 1190 682 1249 nisi
701 1210 825 1270 precum
846 1192 948 1269 vigor,
972 1192 1024 1271 qui
1046 1191 1086 1250 ad
1105 1193 1223 1254 coelum
1242 1193 1373 1268 scandit,
1396 1195 1422 1252 si

297 1291 412 1370 piaculi
426 1292 580 1352 caloribus
595 1292 686 1351 venia
699 1293 811 1372 petitur
826 1299 856 1352 et
869 1300 1062 1372 peccatorum
1076 1295 1233 1375 expiatio?
1255 1294 1354 1369 Quam
1370 1295 1421 1354 diu

299 1394 433 1452 desidera
447 1394 586 1452 flammae
600 1394 693 1452 sacris
708 1394 731 1454 J
733 1394 849 1454 chevae
864 1394 984 1472 ignibus
998 1396 1182 1471 nutriuntur,
1201 1405 1263 1455 tam
1278 1396 1330 1455 diu
1344 1398 1420 1456 voti-

297 1515 355 1554 vae
374 1493 484 1574 pecudi
505 1495 557 1574 qui
575 1495 730 1555 subiicitur
752 1496 903 1556 orationes
923 1497 1015 1555 solvit
1035 1517 1071 1556 ac
1089 1516 1205 1556 sursum
1219 1498 1303 1558 levat
1316 1497 1422 1558 culter.

297 1596 339 1654 Et
360 1604 462 1656 tamen
481 1617 521 1656 ne
540 1591 638 1656 Karta
665 1596 787 1677 quidem
813 1596 1019 1678 dubitavit**)
1047 1600 1161 1676 garrire
1187 1598 1225 1659 de
1241 1603 1422 1677 precationis

299 1682 459 1772 sacrificio,
475 1697 556 1778 quod
570 1699 689 1758 litatum
704 1699 755 1773 sit,
771 1709 964 1777 posteaquam
980 1720 1122 1762 concessa
1138 1700 1176 1762 ab
1190 1701 1214 1760 J
1216 1701 1325 1776 ehova,
1342 1722 1420 1782 quae

296 1799 395 1878 pietas
415 1801 576 1878 rogaverit.
606 1798 701 1873 Quasi
716 1820 787 1860 vero
804 1807 876 1859 tunc
895 1802 1078 1881 precationis
1091 1802 1188 1861 ullum
1202 1803 1309 1862 fuisset
1323 1823 1419 1862 sacra-

298 1908 441 1960 mentum.
471 1901 565 1960 Tales
581 1901 725 1980 ambages
741 1902 893 1962 debebant
906 1901 946 1961 ad
960 1923 1065 1962 sanam
1085 1905 1262 1983 interpretes
1277 1924 1421 1964 revocare

299 2009 442 2077 mentem,
472 2023 510 2063 00
537 2003 671 2062 vividam
697 2005 741 2063 rei
769 2024 873 2064 sacrae
896 2024 974 2085 quae
994 2006 1074 2064 Mosi
1101 2006 1201 2065 floruit
1221 2014 1359 2067 catenam
1381 2005 1421 2064 ad

299 2104 399 2164 aliena
416 2113 611 2186 retorqueant
629 2107 701 2165 artis
723 2106 832 2166 studia?
867 2104 929 2166 Sed
948 2107 980 2165 in
995 2127 1094 2166 errore
1109 2108 1214 2189 seipsi
1230 2109 1420 2167 convincunt.

300 2204 454 2265 Sacrificia
476 2209 560 2266 aiunt
582 2213 668 2274 auin
690 2197 730 2272 55
753 2207 825 2267 data
847 2209 1011 2286 gratiarum
1033 2211 1145 2268 actioni
1169 2209 1319 2269 destinata
1342 2217 1420 2284 sunt,

298 2313 353 2372 ’1Ἶὶ
372 2316 402 2368 01
421 2314 503 2375 aaut
522 2309 597 2369 duas
616 2330 739 2390 precum
759 2311 875 2390 species
896 2310 1042 2370 muniunt.
1074 2309 1135 2370 Sed
1150 2311 1278 2391 quales?
1299 2311 1421 2370 Nodum

298 2407 444 2468 facillime
460 2409 564 2470 Scholl
585 2410 736 2472 dissecuit.
765 2412 937 2471 Discrimen
956 2413 1036 2471 enim
1054 2413 1179 2490 negavit
1193 2413 1272 2472 inter
1285 2413 1355 2471 illas
1371 2434 1420 2472 ex-

300 2510 420 2585 stitisse,
437 2519 528 2591 01000
543 2513 663 2570 omnino
679 2531 739 2570 non
755 2511 868 2586 dirimi,
877 2514 937 2571 nisi
952 2532 1054 2573 corum
1069 2514 1239 2588 commodo,
1256 2535 1331 2594 quos
1347 2515 1420 2575 libe-

297 2611 402 2670 ralitas
424 2612 463 2671 ad
483 2613 592 2671 altaria
609 2613 802 2693 propelleret.
831 2615 911 2673 Mira
929 2635 1002 2674 sane
1023 2617 1124 2693 legum
1143 2616 1248 2674 latoris
1263 2616 1420 2691 industria,

299 2734 378 2794 quae
396 2722 558 2795 praecepta
578 2716 678 2774 sanxit
696 2715 779 2774 vitae
798 2716 863 2774 sine
882 2717 989 2794 regula
1008 2726 1100 2798 atque
1123 2719 1213 2777 arctis
1235 2717 1422 2799 dispensavit

298 2816 469 2893 ligamentis
493 2819 622 2876 cinctum
645 2817 844 2877 caerimoniae
870 2817 1005 2877 ordinem
1027 2820 1093 2878 sine
1113 2839 1178 2878 usu.
1215 2819 1347 2878 Felicior
1368 2821 1429 2878 vix·

300 2915 425 2976 Outram
444 2917 590 2997 1011111),
610 2920 661 2999 qui
681 2939 766 2984 sacra
784 2919 956 2980 voluntaria
976 2921 1014 2981 ab
1029 2922 1066 2980 iis
1081 2941 1172 3001 saepe
1186 2921 1268 2981 facta
1282 2942 1348 2982 esse
1362 2929 1420 2980 sta-

298 3025 409 3092 tueret,
433 3019 540 3098 quibus
562 3019 648 3078 nulla
674 3021 816 3104 pericula
831 3022 1037 3082 imminebant.
1072 3023 1187 3081 Votiva
1212 3031 1313 3081 autem
1340 3021 1421 3099 (sive

298 3119 490 3195 holocausta,
513 3121 578 3180 sive
600 3121 747 3180 sacrificia
769 3122 924 3201 salutaria)
946 3124 1016 3181 illos
1038 3124 1200 3203 praecipue
1221 3144 1420 3202 nuncupasse,

300 3223 351 3302 qui
365 3222 397 3280 in
410 3222 553 3300 periculis
572 3214 770 3283 versabantur
791 3221 876 3298 (Jud.
893 3227 941 3297 11,
957 3227 1007 3284 30.
1023 3227 1074 3284 31.
1096 3224 1120 3284 J
1121 3245 1169 3283 on.
1185 3229 1214 3300 2,
1231 3229 1279 3284 10.
1303 3227 1321 3283 2
1339 3223 1419 3283 Sam.

301 3324 458 3397 15,1-8
479 3324 529 3383 011.
549 3325 600 3392 Es.
618 3328 672 3399 10,
695 3327 809 3386 1014.
832 3326 887 3400 56,
910 3324 1047 3405 1010).
1079 3327 1159 3386 Nam
1178 3329 1224 3386 uti
1243 3326 1341 3386 solida
1360 3327 1421 3385 iam

300 3443 378 3504 quae
401 3424 450 3483 hic
471 3426 673 3486 immiscentur
698 3428 845 3486 sacrificia
872 3435 967 3487 totam
991 3429 1251 3511 ratiocinationem
1277 3430 1421 3488 aliorsum

299 3533 429 3600 vertunt,
444 3527 487 3585 ita
502 3547 554 3586 cur
568 3528 626 3587 hoc
639 3529 797 3589 discrimen
810 3531 955 3609 oppositis
965 3529 1021 3591 sibi
1037 3535 1091 3594 aa
1106 3539 1136 3590 et
1149 3536 1232 3597 31:⁸11
1246 3551 1421 3610 expressum

300 3629 339 3686 011
358 3649 419 3687 000
438 3627 542 3709 liquet.
564 3665 607 3673 -
633 3631 789 3690 Mittamus
810 3651 881 3710 crgo
900 3633 1082 3712 precationis
1100 3634 1255 3693 rationem.
1290 3633 1420 3692 Multum

299 3729 503 3808 profecerunt,
526 3733 578 3811 qui
601 3732 746 3790 salutaria
765 3733 912 3792 sacrificia
935 3735 1008 3793 solis
1027 3734 1161 3812 gratibus
1185 3735 1365 3813 adegerunt,
1386 3744 1420 3794 ut

299 3851 404 3911 preces
411 3832 463 3892 ubi
471 3834 584 3892 instent
595 3853 656 3892 non
665 3834 724 3892 sint
731 3834 789 3892 nisi
796 3837 913 3912 gratiae
921 3844 1010 3896 antea
1016 3844 1177 3918 perceptae
1189 3836 1240 3895 Ps.
1249 3837 1359 3910 56,13.
1371 3841 1419 3896 14.

300 3933 355 4007 54,
376 3936 404 3994 8.
439 3934 622 3995 Laudativis
637 3935 747 3996 docent
764 3956 861 4014 genus
880 3937 945 4015 figi,
970 3940 1053 3998 cuius
1072 3939 1176 3997 votiva
1195 3959 1231 3998 ac
1248 3939 1420 3998 voluntaria

297 4051 340 4060 ..-

385 4097 408 4166 ’)
421 4107 517 4151 Bauer:
532 4105 719 4153 (tottestert.
730 4107 749 4152 Ι.
759 4121 784 4167 p.
793 4108 850 4154 216.
862 4107 957 4154 Kurtz:
969 4109 1025 4155 Dus
1031 4123 1092 4155 mos.
1101 4109 1181 4169 Opfer
1186 4125 1211 4170 p.
1220 4112 1276 4157 134.
1290 4110 1418 4158 Tholuck:
1427 4076 1436 4094 ι’

299 4187 354 4235 Das
367 4190 419 4235 alte
433 4187 580 4236 Testament
592 4191 626 4237 im
639 4205 735 4252 0000ος
748 4192 787 4238 ed.
800 4192 832 4238 11.
845 4207 870 4252 p.
886 4187 925 4239 14.
944 4193 1029 4240 Scholl
1041 4195 1059 4239 l.
1072 4196 1090 4240 l.
1102 4209 1127 4254 p.
1141 4197 1198 4242 116.

368 4266 406 4335 “l
419 4273 437 4319 1.
450 4273 467 4319 l.
481 4276 537 4320 131.

350 4351 404 4420 Μ)
418 4359 450 4406 (10
462 4359 548 4408 sacrif.
560 4375 585 4420 p.
599 4361 656 4408 110.

1595 4198 1598 4291 i
