3434 5067
701 367 957 479 ‘424-

295 609 346 648 cur
365 587 509 664 singulari
528 587 587 644 ritu
605 585 726 664 pietatis
747 585 872 644 affectus
892 583 1043 658 efferatur,
1064 584 1116 663 qui
1134 591 1214 644 certe
1232 584 1265 644 in
1283 587 1411 666 piaculis

293 709 355 748 non
369 689 466 746 minus
481 695 576 763 urget.
613 685 703 761 Quod
721 685 816 766 probe
831 685 989 748 Gussetius
1004 686 1171 766 perspexit,
1192 688 1257 766 qui:
1285 688 1411 749 Interim

294 791 391 870 iuquit
412 788 531 868 pacifici
553 809 627 862 vox,
652 808 712 868 qua
730 788 823 846 utitur
836 788 984 864 Vulgata,
1007 787 1113 846 fallere
1132 789 1240 866 possit3
1263 790 1413 871 quispiam

296 891 374 951 enim
388 891 466 972 forte
483 897 570 970 putet
584 891 683 950 active
698 891 787 963 sumi,
808 890 894 969 quasi
907 909 1013 968 pacem
1027 888 1132 963 faciat,
1152 910 1220 948 cum
1235 899 1338 950 contra
1351 913 1413 971 pax

296 1000 481 1072 supponatur
498 991 581 1050 facta
599 992 820 1071 propitiatorio,
843 998 874 1049 et
891 998 1051 1070 postquam
1065 987 1143 1050 illud
1156 991 1238 1051 bello
1253 992 1344 1051 finem
1359 994 1412 1052 im-

295 1095 407 1174 posuit,
429 1095 548 1152 venitur
569 1094 608 1152 ad
629 1094 688 1152 ista
707 1094 791 1172 pacis
814 1092 969 1151 sacrificia.
1003 1092 1104 1150 Velim
1127 1092 1217 1169 igitur
1240 1114 1413 1174 nuncupare

271 1197 414 1274 ¹peculia
428 1192 541 1276 {quibus
563 1216 624 1275 pax
646 1215 713 1253 cum
739 1193 795 1254 deo
824 1192 993 1272 1010111111).
1033 1194 1205 1253 Dummodo
1227 1195 1270 1253 ita
1292 1217 1324 1256 re
1340 1218 1414 1256 vera

297 1306 491 1376 segregentur
516 1297 592 1354 varii
619 1296 664 1354 illi
691 1297 884 1369 ritus,'neve
911 1296 942 1353 in
963 1295 1053 1354 rebus
1076 1294 1185 1354 divinis
1207 1317 1414 1378 quaecumque

297 1401 433 1459 fovemus
452 1399 517 1458 fieri
536 1398 674 1457 debcant.
705 1399 823 1456 Tamen
844 1396 925 1456 haud
940 1397 1002 1456 vile
1021 1397 1090 1455 hinc
1110 1399 1278 1477 quaestioni
1296 1400 1414 1478 pondus

297 1502 399 1562 fertur.
430 1499 537 1560 Solent
552 1501 629 1573 enim
644 1500 720 1558 haec
733 1500 854 1579 pacalia
869 1519 967 1572 sacra,
983 1499 1035 1558 ubi
1050 1519 1118 1557 cum
1132 1500 1200 1558 aliie
1214 1501 1414 1576 immolantur,

297 1611 367 1684 post
384 1604 506 1682 piacula
529 1602 647 1661 demum
667 1600 706 1660 ad
726 1601 834 1659 altaria
849 1601 1011 1659 admoveri.
1041 1600 1117 1660 Lev.
1135 1602 1228 1676 9,15.
1247 1606 1295 1663 18.
1324 1604 1414 1663 Num.

300 1707 393 1779 6,16.
412 1708 461 1764 17.
478 1709 506 1778 7,
524 1706 572 1762 16.
591 1706 638 1762 17.
678 1702 767 1777 Quod
788 1701 978 1781 Schollio**)
998 1703 1171 1783 opinionem
1188 1703 1332 1778 firmavit,
1356 1727 1416 1785 qua

210 1817 213 1826 ‘
299 1806 500 1886 stipulationis
515 1813 656 1866 actuosae
670 1805 781 1864 virtute
795 1805 910 1864 imbuta
925 1804 1099 1864 continuare
1112 1805 1297 1884 piacularem
1312 1809 1417 1866 statuit
1473 1876 1478 1880 ,

300 1907 499 1968 devotionem.
529 1908 658 1967 Veniam
672 1927 705 1966 re
719 1927 792 1965 vera
807 1906 936 1965 assecuti
951 1913 1033 1979 sunt,
1056 1906 1178 1986 quibus,
1199 1917 1306 1986 postea
1326 1929 1416 1988 quam

299 2011 377 2068 hanc
399 2009 553 2082 fuderunt,
579 2008 619 2066 ad
645 2008 700 2066 illa
722 2016 806 2088 patet
827 2007 935 2066 aditus.
975 2007 1081 2066 Facile
1105 2009 1249 2086 largimur
1274 2010 1415 2089 theologo

300 2111 601 2188 argumentationem,
630 2129 690 2189 qua
709 2112 727 2167 2
749 2109 830 2168 Sam.
852 2091 966 2182 1115
990 2129 1057 2166 cum
1079 2110 1213 2189 piatione
1230 2112 1351 2190 pacalia
1370 2132 1416 2170 00-

300 2213 425 2271 haerere
448 2212 572 2289 negavit
595 2211 753 2285 sacrificia,
779 2198 1131 2273 1101151111111011.
1154 2210 1270 2271 181111.
1292 2214 1344 2289 15,
1367 2217 1416 2273 22.

300 2314 350 2372 Ps.
371 2315 424 2386 40,
446 2315 463 2370 7
492 2313 591 2370 omnia
614 2313 802 2371 victimarum
825 2331 937 2390 genera
959 2312 1204 2391 complectuntur.
1243 2312 1305 2374 Sed
1327 2337 1418 2396 quum

300 2435 361 2472 non
384 2433 501 2494 semper
524 2433 590 2472 cum
611 2414 738 2492 piaculis
760 2421 941 2487 mactentur,
965 2422 995 2474 et
1015 2415 1147 2493 ipsorum
1169 2415 1200 2473 in
1220 2416 1340 2492 ritibus,
1366 2418 1419 2477 ubi

301 2516 404 2574 datum
418 2514 531 2574 homini
546 2515 656 2574 donum
675 2515 777 2575 lautae
794 2517 947 2595 excipiunt
965 2515 1072 2594 dapes,
1092 2517 1419 2601 comprehendentium

300 2617 382 2676 illius
402 2617 603 2696 stipulationis
623 2617 814 2691 documenta,
837 2617 929 2676 latius
949 2619 1105 2694 augurium
1125 2627 1171 2678 est
1189 2600 1418 2680 extendendum.

301 2719 348 2776 Eo
369 2717 449 2776 cedit
463 2717 630 2777 Ohaldaica
644 2720 757 2794 versio,
780 2739 858 2798 quac
877 2719 1145 2778 sanctificationem
1165 2721 1261 2797 addit,
1281 2722 1418 2783 0111110-

303 2839 369 2878 cum
383 2817 464 2877 istud
479 2815 638 2895 τελετικόν,
659 2821 706 2878 cui
726 2821 854 2879 alterum
868 2820 1017 2879 Hebraeis
1035 2841 1145 2882 nomen
1163 2825 1324 2903 respondet
1342 2815 1418 2887 11511.

302 2919 525 2998 Appellationis
541 2939 615 2978 ansa
629 2921 797 3000 ecquidem
811 2921 946 3001 profecto
958 2943 1020 2982 11011
1032 2932 1120 2999 01101,
1136 2926 1218 3005 quod
1227 2927 1310 3007 puris
1322 2927 1420 2986 solum

302 3022 419 3079 viscera
435 3021 591 3080 comedere
605 3022 747 3082 licuisset.
779 3022 839 3082 Sed
853 3023 936 3082 illius
951 3025 1143 3086 recordamur
1158 3029 1344 3100 sacramenti,
1360 3049 1420 3106 quo

303 3122 334 3179 in
353 3122 481 3200 epistola
499 3122 539 3181 ad
558 3123 651 3183 Hebr.
672 3123 742 3183 data
759 3127 811 3199 10,
830 3127 923 3184 1.14.
945 3146 1007 3185 vox
1026 3129 1157 3187 τελειοῦν
1175 3129 1309 3204 gravida.
1338 3129 1420 3187 Novi

304 3222 377 3302 quid
399 3223 469 3282 inde
483 3227 569 3298 felici
578 3228 663 3301 pacis
677 3229 773 3286 sensui
793 3228 1020 3305 superstruitur,
1041 3231 1281 3303 perfectionis
1300 3251 1419 3303 samma,

304 3327 430 3383 candida
452 3328 653 3404 1110911100.
691 3327 909 3392 Oumdehova
929 3347 1036 3407 pacem
1058 3329 1124 3407 quis
1147 3338 1274 3389 naturae
1295 3331 1420 3408 infligat,

305 3425 377 3504 quin
396 3426 589 3503 immergatur
607 3428 638 3486 in
658 3436 791 3486 sanctam
812 3428 977 3487 divinitatis
997 3430 1186 3489 scatebram?
1209 3432 1307 3491 Laeta
1324 3433 1421 3510 fulget

305 3546 341 3584 ac
356 3526 484 3585 candida
503 3529 534 3586 in
554 3529 609 3588 deo
626 3531 773 3590 terrestris
792 3532 931 3590 essentia.
960 3532 1156 3591 Praeclarum
1173 3533 1254 3592 istud
1273 3537 1421 3608 canticum

304 3627 355 3685 Ps.
371 3629 421 3701 36,
437 3630 566 3689 8—11:
591 3630 689 3705 Quam
708 3633 840 3711 pretiosa
859 3640 905 3691 est
923 3633 1036 3691 iustitia
1054 3642 1119 3708 tua,
1135 3654 1152 3693 0
1168 3634 1257 3695 deust
1279 3636 1352 3696 Filii
1369 3637 1421 3696 ho·

304 3761 508 3774 ——-—-----·

373 3824 397 3889 ⁵)
409 3832 489 3878 Error
495 3834 611 3880 Baehrii:
624 3833 758 3893 Symbolik
767 3834 811 3880 des
820 3833 989 3882 modoaltus.
999 3852 1025 3898 p.
1036 3839 1093 3896 386,
1107 3851 1155 3896 quo
1166 3853 1255 3898 pacem
1266 3840 1337 3887 nasci
1346 3840 1421 3900 jabet

305 3915 406 3962 demum
419 3929 448 3960 ex
460 3917 500 3962 his
512 3918 655 3978 sacrificiis,
669 3918 758 3976 quovis
770 3923 842 3966 caret
853 3924 1009 3980 argumento.
1021 3945 1056 3954 -
1066 3922 1164 3970 Eodem
1177 3924 1301 3972 Steudelii
1313 3917 1421 3972 recurrit

306 3999 435 4045 decretum
448 4000 535 4046 Theol.
549 4000 593 4047 des
604 4000 635 4048 A.
649 4002 677 4048 T.
689 4017 715 4064 p.
729 4004 786 4050 306.
809 4005 941 4064 Integrum
959 4020 1013 4054 esse
1030 4007 1107 4066 dixit,
1124 4009 1166 4067 qui
1182 4009 1259 4070 plane
1276 4010 1321 4068 sit,
1339 4011 1421 4068 qualis

306 4081 408 4129 debeat.
431 4084 499 4130 Hinc
516 4085 562 4146 tali
579 4086 630 4131 ritu
646 4088 788 4136 sacrificare
802 4090 856 4138 eius
868 4091 958 4152 fuisse,
978 4092 1018 4139 cui
1030 4093 1126 4140 amicae
1139 4107 1195 4140 cum
1207 4095 1306 4141 Jchova
1319 4107 1422 4140 consue·

307 4165 402 4212 tudinis
413 4168 545 4225 persuasio
557 4171 708 4220 constiterit.

356 4239 396 4306 t‘)
408 4250 426 4295 1.
438 4251 455 4297 1.
467 4264 492 4309 p.
507 4253 562 4298 112.
578 4255 633 4300 111.
