3434 5067
775 461 986 519 ...43-

324 630 432 694 obruta
450 628 592 690 Jehovae
605 629 767 696 beneficio·
788 629 917 709 eiusque
940 628 1053 708 cupida
1074 629 1205 709 perinde
1227 639 1319 710 atque
1340 630 1442 691 Jacob

323 740 416 791 noctu
430 732 599 811 proeliatus
616 729 693 791 Gen.
710 733 760 803 32,
776 733 816 790 26
834 731 1002 790 exclamat:
1025 732 1097 791 Non
1112 739 1143 791 te
1158 730 1321 805 dimittam,
1338 741 1442 792 antea·
1551 779 1554 788 .

325 851 416 914 quam
431 833 627 908 benedixeris
642 831 726 892 mihi.
751 832 845 892 Suam
859 833 955 892 vitam
968 832 1057 892 offert
1069 833 1121 912 qui
1134 833 1287 893 sacrificat
1299 835 1442 893 sacrificii

324 937 356 994 in
371 937 510 996 materie.
539 934 684 1023 dchovah
697 937 834 1013 pretiosis
849 954 932 994 nunc
948 935 1000 1014 qui
1016 932 1176 993 effectibus
1191 934 1375 1013 praecordia
1389 955 1442 1012 ag-

325 1057 449 1115 gressus
466 1045 525 1109 est‚
546 1046 650 1094 tamen
670 1055 791 1115 semper
806 1035 888 1095 idem
908 1044 1012 1094 manet
1025 1046 1125 1095 sancto
1141 1043 1173 1094 et
1181 1039 1313 1112 perfecto
1327 1039 1443 1096 numine
1535 1075 1542 1087 ·

324 1141 497 1212 tremendas,
514 1139 562 1198 cui
577 1137 667 1197 homo
684 1158 744 1197 non
759 1145 862 1217 potest
877 1137 1025 1198 accedere
1041 1138 1102 1196 nisi
1118 1137 1181 1196 suis
1196 1138 1229 1196 in
1245 1135 1343 1196 donis.
1366 1138 1442 1197 Ideo

325 1241 492 1301 offeruntur
507 1237 611 1312 caede,
629 1241 790 1317 sanguine,
807 1241 936 1299 flammis
953 1239 1021 1298 deo.
1048 1238 1113 1299 Sed
1126 1239 1211 1298 vitae
1226 1259 1305 1319 quae
1320 1239 1445 1299 offertur

325 1342 407 1402 salus
425 1343 590 1402 constituta
605 1349 660 1402 est.
683 1342 761 1400 Eius
776 1341 893 1420 gaudia
908 1340 1030 1401 oblatae
1045 1339 1249 1422 percipienda
1262 1349 1342 1401 sunt.
1364 1341 1444 1400 Inde

325 1445 453 1518 factum,
476 1452 510 1503 ut
529 1445 632 1504 factae
653 1443 710 1504 deo
725 1445 873 1504 materiae
881 1442 912 1522 ²¹³)
927 1444 1096 1523 participes
1112 1462 1215 1502 rursus
1231 1443 1340 1502 fierent
1355 1442 1445 1501 simul
1543 1527 1545 1533 Ι
1564 1430 1570 1433 ’

326 1547 379 1625 qui
402 1545 562 1606 dederunt.
600 1547 716 1607 Divina
739 1547 840 1623 gratia
863 1544 996 1604 oblatam
1008 1544 1077 1603 ‘sibi
1100 1546 1197 1604 vitam
1217 1565 1280 1604 non
1298 1545 1366 1604 vult
1384 1544 1443 1604 nisi

326 1649 458 1720 sancire,
475 1655 509 1707 ut
523 1648 702 1707 restituatur
718 1647 856 1706 offerenti
874 1647 1002 1706 clariore
1017 1646 1086 1706 luce
1102 1646 1229 1718 suffusa,
1250 1653 1359 1705 sancta
1372 1644 1444 1706 bea·

324 1747 457 1810 titudine
474 1748 597 1809 donata.
626 1750 709 1808 Dato
726 1749 805 1808 dono
821 1756 952 1828 apparet
967 1757 1074 1808 sancta
1088 1767 1187 1820 mens,
1204 1756 1236 1806 et
1249 1749 1350 1827 pietas
1365 1747 1446 1805 inter

327 1851 399 1910 data
420 1859 450 1910 et
471 1851 644 1912 condonata
664 1871 696 1912 se
718 1850 861 1910 dividens
881 1850 997 1928 gratias
1018 1851 1084 1928 agit
1102 1858 1165 1909 tam
1183 1847 1287 1908 uberis
1299 1848 1446 1908 'beneficii

325 1953 465 2031 largitori
473 1951 530 2032 **)‚
549 1952 671 2033 quando
685 1952 767 2014 dulci
777 1953 842 2013 eius
855 1952 969 2011 fructui
983 1952 1074 2011 altius
1086 1952 1240 2030 immergit
1252 1949 1445 2031 praecordia.

325 2056 429 2137 Atque
446 2055 562 2136 duplex
580 2055 658 2116 haec
674 2075 779 2116 coena.
811 2054 996 2115 Sacerdotes
1017 2053 1202 2113 sacerdotali
1221 2053 1375 2125 fruuntur,
1399 2072 1446 2110 sa-

327 2167 427 2217 cratus
443 2157 466 2218 J
468 2158 585 2218 ehovae
600 2158 734 2238 populus
750 2165 880 2216 sacrata.
911 2156 1044 2234 Tugurii
1058 2155 1179 2229 limina,
1201 2175 1327 2236 quorum
1343 2153 1412 2214 illos
1429 2174 1448 2213 a

325 2259 441 2340 populo
469 2269 614 2338 segregat
635 2259 808 2332 veneratio,
837 2259 930 2318 etiam
952 2277 1074 2318 mensas
1098 2257 1298 2336 distinguunt.
1340 2256 1447 2316 Sancti

326 2369 492 2422 vescuntur
505 2369 612 2422 sancta
627 2362 710 2422 vitae
726 2361 825 2438 fruge.

410 2464 477 2524 Iam
491 2483 564 2524 vero
580 2463 658 2522 haec
675 2461 834 2543 epularum
851 2462 877 2522 si
892 2461 1011 2539 religio,
1029 2483 1082 2522 cur
1096 2469 1180 2522 totae
1195 2462 1333 2522 familiae
1347 2479 1447 2520 arces·

328 2574 447 2640 santur,
468 2585 521 2625 cur
539 2545 602 2623 tam
621 2565 805 2624 festinanter
820 2563 858 2623 de
875 2562 981 2622 tabula
995 2548 1180 2623 moventur?
1209 2565 1301 2624 Prius
1320 2581 1447 2642 praece-

307 2661 312 2670 ’
326 2676 413 2747 ptum
428 2666 468 2726 ad
483 2667 611 2727 formam
625 2685 708 2725 mere
724 2672 883 2745 spectasse
898 2665 1058 2744 epularum
1080 2665 1144 2724 noli
1160 2665 1287 2725 credere
1301 2664 1445 2736 Bachrio‚

326 2789 427 2849 neque
449 2769 554 2828 divina
573 2768 680 2828 harum
698 2767 892 2844 benignitate
912 2765 953 2824 ad
973 2764 1197 2844 benignitatem
1217 2789 1277 2826 non
1297 2766 1447 2826 stimulari

328 2872 455 2930 animos.
484 2870 564 2929 Nam
580 2869 606 2928 si
620 2871 706 2949 prius
722 2889 845 2928 revera
859 2868 1022 2939 valuisset,
1041 2868 1225 2949 quicumque
1242 2871 1328 2928 fuere
1344 2867 1447 2947 hospi-

275 3003 279 3012 *
327 2982 374 3033 tes
389 2980 534 3052 poterant
553 2971 611 3031 hoc
627 2970 816 3032 commodum
837 2970 960 3045 afferre,
985 2979 1017 3028 et
1034 2970 1164 3029 alterum
1182 2972 1285 3050 potius
1306 2970 1447 3029 adductis

329 3094 495 3152 egenorum
509 3094 547 3132 ac
562 3073 686 3134 miseria
701 3071 877 3132 obrutorum
892 3071 1159 3140 manibusfuisset
1171 3070 1447 3144 demonstrandum,

327 3176 360 3235 id
376 3176 457 3256 quod
478 3176 605 3236 fortuita
619 3175 699 3252 legis
714 3175 792 3234 ratio
808 3173 878 3254 ipsa
894 3173 984 3232 docet
998 3173 1091 3231 Dent.
1109 3176 1162 3245 12,
1180 3174 1230 3232 18.
1247 3175 1301 3247 16,
1318 3176 1367 3232 11.
1396 3173 1449 3231 In·

328 3278 455 3336 haereat
472 3277 645 3356 disquisitio
660 3295 787 3336 necesse
802 3283 849 3334 est
861 3275 932 3334 invi
945 3294 981 3333 ac
990 3283 1099 3332 natura
1105 3276 1253 3349 familiae,
1270 3295 1330 3354 qua
1344 3274 1449 3333 divino

327 3400 428 3440 rerum
443 3380 674 3438 universitatem
689 3376 882 3455 gubernandi
899 3375 998 3434 ordini
1013 3376 1130 3435 inserta
1141 3384 1198 3434 est.
1221 3376 1323 3435 Homo
1333 3395 1448 3455 nequa-

329 3502 420 3561 quam
435 3479 589 3540 solitarius
606 3489 666 3553 est,
684 3479 739 3538 sed
756 3487 885 3538 catenae
898 3477 1067 3537 membrum
1082 3477 1277 3556 amplectitur
1290 3496 1347 3555 per
1361 3477 1449 3534 fami-

328 3583 401 3641 liam
424 3601 590 3660 cxpansae.
628 3582 666 3640 In
689 3600 727 3639 ca
748 3581 843 3640 vitam
865 3581 911 3638 uti
934 3580 1072 3659 excepit,
1097 3598 1137 3638 ex
1157 3599 1195 3638 ea
1213 3579 1257 3637 uti
1277 3586 1381 3652 natus,
1405 3578 1450 3636 ita

328 3683 467 3742 haustam
489 3683 522 3741 in
546 3682 654 3742 eadem
674 3690 712 3741 'et
736 3681 808 3740 colit
831 3689 863 3740 et
884 3681 980 3740 nutrit
1002 3689 1033 3738 et
1054 3688 1224 3760 promovet.
1261 3679 1366 3739 Vitam
1388 3699 1450 3738 non

240 3781 250 3792 ’
329 3787 422 3845 sentit
440 3785 500 3843 nisi
516 3785 652 3843 familiae
669 3783 936 3860 consanguinitate
956 3782 1074 3840 fultam.
1103 3782 1142 3840 In
1157 3802 1195 3840 ea
1210 3782 1378 3859 gratiosum
1393 3780 1417 3841 J
1418 3801 1448 3840 e-

328 3888 427 3948 bovae
447 3907 561 3946 numen
581 3893 725 3966 expertus
747 3892 806 3960 est,
828 3883 919 3944 huius
937 3882 1069 3942 vinculis
1089 3883 1222 3942 inflictus
1244 3883 1364 3963 profert
1379 3883 1449 3942 reli·

397 4137 418 4201 *)
431 4143 485 4189 Iam
497 4140 589 4188 Philon
602 4139 633 4187 de
645 4140 706 4188 vict.
718 4154 743 4200 p.
758 4141 814 4188 651.
833 4138 867 4185 D.
879 4139 928 4185 cit:
944 4133 995 4185 rial
1004 4130 1056 4204 γὰρ
1068 4129 1152 4187 oona·
1161 4135 1211 4187 τοῦ
1220 4132 1381 4197 τεθυκότος,
1393 4129 1447 4185 ἀλλ’

330 4211 348 4290 ᾧ
358 4224 471 4274 τέθυται
481 4220 512 4273 τὸ
526 4225 624 4289 ἱερεῖον.

381 4307 416 4372 **)
431 4310 553 4372 Cypriani
564 4309 645 4358 verba
657 4313 717 4358 sunt
727 4310 803 4372 Apol.
818 4308 891 4358 (lons.
903 4309 968 4372 Aug.
980 4323 1006 4370 p.
1019 4311 1077 4357 269.
