3434 5067
656 421 935 508 '-4o-

268 620 339 678 Hac
355 619 436 677 enim
446 617 552 676 indole
568 617 651 676 istud
668 626 698 676 et
713 618 929 694 gravissimum
943 617 1061 674 sistitur
1074 623 1106 674 et
1117 614 1262 694 generale
1276 617 1390 676 sacrifi-

271 721 360 780 cium.
389 719 481 780 Unde
504 719 632 790 factum,
653 727 687 778 ut
707 737 813 778 carnes
835 738 957 798 quoque
980 719 1083 776 statim
1098 718 1197 797 primo
1214 716 1264 776 die
1281 738 1390 776 consu-

270 822 399 882 mendae
420 822 490 880 sint.
526 818 610 893 Quid
630 829 677 880 est
697 822 791 893 euim,
816 819 898 900 quod
922 820 1079 878 festinatio
1104 818 1164 878 sibi
1186 838 1339 899 praeceps
1358 821 1392 878 iu

270 911 328 983 hac
351 943 447 982 coena
466 921 556 982 vult?
579 922 682 981 Tanto
700 941 793 1002 opere
812 922 883 999 lege
898 903 1116 1000 premitur,‘ut
1131 938 1211 1000 quae
1227 929 1280 980 aut
1295 921 1391 982 altero

272 1033 324 1085 aut
339 1025 429 1084 tertio
447 1023 497 1084 die
518 1023 641 1083 residua
661 1023 784 1102 ignibus
806 1022 968 1102 perdenda
982 1023 1055 1095 sint,
1080 1040 1183 1102 neque
1202 1042 1275 1081 vero
1297 1024 1392 1081 sacris

272 1127 413 1186 altarium
429 1126 605 1198 Lev.7‚1e.
619 1128 668 1184 17.
700 1122 935 1183 Combustorum
949 1123 1083 1183 Rabbini
1098 1143 1224 1183 causam
1239 1125 1393 1202 geminam

271 1212 417 1300 inferunt,
435 1246 526 1306 quum
544 1227 573 1302 1)
590 1226 628 1286 ob
645 1225 787 1284 sacrificii
802 1225 1064 1302 magnificentiam
1081 1221 1197 1307 [1²pr
1204 1219 1269 1291 mu
1276 1214 1391 1304 mbram]

274 1328 426 1388 abolenda
440 1328 533 1388 fuerit
549 1347 628 1399 caro,
646 1347 684 1385 ne
700 1335 779 1385 tetro
797 1327 892 1387 odore
909 1335 991 1385 esset
1006 1326 1144 1398 molesta,
1161 1334 1253 1407 atque
1269 1326 1392 1403 ignibus

275 1430 411 1514 quidem,
429 1430 544 1509 quippe
561 1428 670 1509 quibus
688 1429 880 1507 consumptio
897 1436 1105 1487 consummata
1124 1428 1213 1487 fieret
1227 1436 1259 1486 et
1273 1428 1395 1508 plenior

223 1597 226 1602 ,
275 1553 366 1613 quam
386 1531 578 1610 dispersione
600 1539 630 1589 et
650 1529 866 1609 dissipatione,
892 1537 924 1588 et
944 1530 975 1605 2)
994 1537 1029 1588 ut
1047 1529 1220 1589 inculcetur
1233 1529 1348 1589 fiducia
1362 1531 1393 1588 iu

275 1634 379 1708 deum,
401 1653 440 1693 ne
459 1632 606 1692 videlicet
627 1632 717 1692 homo
739 1615 865 1690 nimium
885 1639 1016 1709 angatur
1033 1630 1100 1690 oibo
1116 1651 1185 1704 suo,
1209 1631 1396 1710 ultraquam

275 1738 349 1796 satis
367 1744 413 1794 est
427 1733 606 1813 reponendo
621 1734 653 1793 in
670 1733 751 1792 diem
768 1734 947 1806 crastinum,
972 1753 1063 1813 quum
1077 1732 1185 1792 videat
1201 1732 1292 1792 deum
1306 1752 1395 1813 prae-

277 1839 410 1917 cepisse,
433 1844 467 1894 ut
484 1855 554 1895 caro
570 1843 691 1908 sancta,
715 1843 880 1915 postquam
894 1835 970 1894 hora
986 1835 1051 1894 eius
1068 1835 1202 1909 transiit,
1227 1835 1394 1907 aboleatur,

275 1958 375 2020 neque
394 1938 543 2011 voluisse,
566 1945 600 1996 ut
621 1939 785 2022 quicquam
801 1937 998 1997 emolumenti
1019 1956 1059 1995 ex
1074 1955 1113 1995 ea
1127 1936 1276 1996 adullam
1290 1936 1398 1998 redeat

277 2049 460 2113 creaturam,
482 2059 584 2120 neque
604 2039 756 2099 hominem
778 2057 879 2118 neque
904 2037 1084 2114 bestiam*).
1121 2039 1300 2099 Sacrifioale
1321 2039 1397 2100 nihil

276 2143 379 2202 inesse
395 2141 453 2200 hoo
468 2143 501 2200 in
516 2140 659 2200 incendio
676 2161 750 2200 sane
766 2140 838 2200 iude
856 2149 998 2221 apparet,
1023 2140 1104 2222 quod
1125 2142 1226 2200 omnia
1246 2141 1398 2200 sacrificia

275 2244 439 2324 profanata
455 2253 507 2302 aut
522 2243 639 2302 foetore
656 2251 799 2322 corrupta
815 2243 924 2302 eadem
938 2244 1009 2321 lege
1025 2242 1193 2315 abolentur,
1216 2242 1294 2302 Lev.
1305 2246 1332 2316 7,
1348 2245 1396 2302 19.

276 2346 428 2404 Nimirum
441 2364 519 2425 quae
530 2365 566 2406 eo
577 2346 734 2426 quaeritur
741 2345 836 2424 plena
848 2344 1040 2404 residuorum
1053 2344 1220 2404 destructio
1230 2353 1286 2404 est.
1303 2343 1398 2405 Cuius

279 2447 370 2507 cardo
391 2447 555 2524 religiosus
580 2448 693 2520 elucet,
718 2447 750 2506 ni
775 2447 879 2520 fallor,
903 2468 942 2506 ex
962 2448 1114 2506 contrario
1132 2455 1314 2527 praecepto,
1339 2467 1398 2527 quo
1486 2439 1490 2446 “

278 2549 447 2610 Pasohales
465 2551 538 2628 agni
553 2551 613 2610 Ex.
631 2553 684 2622 12,
701 2553 730 2609 3.
747 2551 765 2608 6
783 2548 902 2608 decimo
918 2549 979 2608 iam
994 2550 1108 2608 mensis
1124 2548 1206 2609 Abib
1224 2549 1275 2609 die
1289 2549 1398 2609 selecti

279 2661 310 2710 et
326 2653 460 2731 separati
477 2651 594 2712 decimo
611 2652 733 2711 demum
749 2659 857 2731 quarto
875 2670 982 2710 sacrae
997 2650 1204 2710 caerimoniae
1223 2651 1399 2730 adiguntur.
1462 2652 1472 2723 ζ

280 2753 338 2814 cui
363 2755 389 2812 si
413 2753 514 2812 triduo
538 2755 597 2813 isto
617 2755 791 2826 initiantur,
818 2752 880 2811 ritu
900 2771 1006 2812 sacrae
1028 2771 1134 2811 sames
1154 2751 1337 2828 hostiarum,
1361 2773 1399 2813 ne

279 2857 355 2914 ritus
379 2854 511 2934 perdant
531 2856 619 2915 initia
637 2855 774 2934 vulgaris
794 2874 868 2913 usus
889 2860 986 2927 tactu,
1009 2853 1189 2933 perdendae
1214 2863 1284 2914 sunt
1302 2857 1400 2935 ipsae.

281 2956 344 3016 Sed
360 2957 482 3035 longius
500 2957 591 3016 etiam
606 2976 820 3037 promovemur
836 2955 996 3034 epularum
1010 2964 1129 3015 natura.

364 3059 418 3118 Uti
439 3058 661 3138 appellatione,
683 3058 780 3118 sicubi
802 3057 927 3117 dicendi
947 3059 1045 3119 forma
1065 3064 1126 3122 unt
1145 3064 1204 3122 1151
1226 3055 1255 3139 [1
1273 3058 1355 3118 Sam.
1373 3062 1401 3130 2,

282 3157 426 3240 15-17]
450 3161 515 3220 sola
535 3159 683 3220 salutaria
706 3160 858 3220 sacrificia
869 3161 1098 3238 insigniuntur,
1123 3161 1163 3220 ad
1183 3160 1401 3241 epularum**)

285 3339 481 3348 ——n-u--q-

281 3444 325 3494 nul
337 3441 518 3512 ἀνυπέρθετον
529 3445 654 3495 ποιῶνται
664 3442 711 3509 τὴν
720 3441 871 3512 μετάδοσιν.
899 3449 964 3496 Nam
983 3448 1080 3496 duobus
1091 3453 1208 3497 votorum
1226 3449 1315 3498 diebus
1327 3452 1403 3511 plane

282 3533 347 3579 alias
360 3546 435 3580 ansas
448 3533 547 3592 tribuit,
560 3548 635 3592 quum
648 3546 736 3581 sacrae
748 3549 851 3581 mensae
863 3548 924 3581 usus
938 3532 1045 3586 deberet
1057 3535 1224 3594 tempestivus
1238 3549 1308 3594 esse,
1322 3550 1403 3594 neque

282 3618 309 3663 in
321 3631 413 3677 penum
425 3617 596 3664 retrudendae
608 3618 740 3678 victimae,
758 3619 803 3665 sed
815 3618 991 3679 indigentibus
1003 3619 1196 3679 proponendae,
1213 3634 1245 3666 nc
1258 3621 1403 3667 dissimula-

282 3707 354 3748 retur
366 3702 461 3750 domini
474 3702 619 3749 liberalitas
632 3702 736 3749 sordida
747 3693 1001 3763 parsimonia,‘quum
1014 3703 1122 3763 denique
1134 3718 1181 3764 pro
1193 3706 1277 3751 salute
1290 3705 1404 3764 corporis

283 3790 309 3833 et
321 3787 420 3833 animae
434 3787 536 3834 oblatae
550 3791 642 3834 esseut.
670 3786 741 3845 Quae
758 3801 814 3835 cum
829 3788 883 3835 illis
896 3790 918 3835 si
931 3793 1121 3848 comparantur,
1138 3803 1203 3835 nexu
1216 3791 1304 3849 quovis
1315 3790 1404 3835 viden-

283 3876 324 3917 tur
337 3886 433 3917 carere.

352 3952 373 4014 *1
387 3957 427 4001 Ita
439 3957 577 4015 Hottingcr
598 3956 615 4002 l.
632 3957 649 4002 1.
672 3971 697 4016 p.
712 3959 768 4004 190.
807 3957 865 4006 Suis
878 3958 989 4006 decretis
1002 3958 1145 4005 accuratius
1162 3958 1264 4006 modum
1285 3958 1407 4005 definiunt

282 4039 395 4086 Rabbini
407 4039 442 4086 ib.
455 4055 479 4099 p.
493 4041 539 4088 191
555 4055 609 4099 sqq.

336 4120 370 4185 **)
381 4125 421 4170 De
431 4127 543 4170 mactatu
552 4125 700 4172 animalium
711 4127 743 4172 ad
752 4127 863 4174 lautiora
873 4127 991 4174 convivio
1000 4127 1080 4174 habes
1090 4129 1224 4174 formulam
1232 4129 1308 4176 Dent.
1317 4131 1357 4187 12,
1366 4130 1405 4174 21.

284 4208 330 4254 Er.
340 4209 378 4265 16,
390 4210 430 4255 20.
442 4209 565 4271 Prov.17‚
577 4211 599 4255 1.
616 4210 670 4256 Jes.
681 4212 721 4268 34,
734 4214 755 4258 6.
768 4211 822 4258 Jcr.
833 4215 874 4270 46,
886 4214 926 4260 10.
937 4236 968 4244 -
985 4213 1047 4258 Inde
1058 4213 1198 4272 antiquitus
1208 4213 1259 4260 iam
1269 4213 1406 4260 discrimen

285 4290 411 4350 quoddam
423 4293 515 4339 muniri
527 4294 594 4340 inter
605 4295 730 4342 sacrificis
742 4300 812 4343 recte
823 4295 891 4342 vidit
901 4296 979 4356 Iken,
991 4297 1061 4344 Diss.
1072 4299 1106 4344 11.
1118 4313 1144 4358 p.
1159 4300 1198 4345 11.
