3434 5067
737 474 929 532 „8-

270 667 355 708 saue
370 645 466 706 obiret
481 621 560 723 (6-6
574 648 640 706 usu
652 647 757 705 6666
772 645 834 704 nn
848 645 898 701 ns
912 629 965 700 ‘ab
980 630 1080 717 666).
1102 640 1392 700 6666666666

272 737 440 828 complures
463 744 721 825 amplectebantur
740 743 918 802 oblationes.
956 739 1076 800 Clarius
1095 749 1196 802 autem
1208 742 1393 802 universalis

271 850 326 910 illa
340 849 423 908 notio
437 866 499 906 nou
512 853 613 926 potest
628 845 757 919 definiri,
780 864 871 924 quam
885 863 923 902 ea
936 843 1067 916 ratione,
1087 864 1148 921 qua
1162 847 1223 906 ΓΙΞΤ
1238 843 1277 902 ad
1290 843 1393 902 buma-

272 970 327 1010 nas
344 946 593 1030 quoquehostias
607 947 739 1026 pertinet
755 949 782 1004 1.
797 945 874 1022 Reg.
892 946 940 1018 13,
958 947 986 1002 2.
1004 943 1056 1002 Ρ6.
1068 946 1138 1017 106,
1151 947 1201 1004 37.
1220 946 1275 1004 En.
1286 947 1335 1018 16,
1345 948 1393 1003 20.

275 1051 478 1112 Subsistemus
492 1070 552 1109 uno
568 1048 692 1107 161666.
714 1045 842 1106 Accedit
856 1053 942 1104 vates
958 1045 997 1104 ad
1012 1044 1129 1118 altaria,
1144 1045 1176 1104 in
1191 1047 1300 1125 quibus
1307 1046 1331 1106 J
1332 1065 1395 1105 ero-

272 1155 361 1215 boam
376 1153 408 1211 in
423 1172 458 1212 eo
474 1159 533 1224 est,
553 1157 586 1209 ut
607 1148 735 1208 suffitum
751 1145 882 1206 adoleat.
912 1145 935 1206 J
936 1147 1052 1207 ehovae
1066 1147 1209 1206 instinctu
1224 1148 1396 1228 compulsus

274 1275 357 1316 aram
372 1253 527 1313 acclamat.
549 1249 662 1308 Filium
676 1249 837 1328 pollicetur
846 1248 1016 1307 Davidicee
1030 1247 1114 1325 genti
1127 1248 1255 1308 doniam.
1278 1250 1395 1329 Deque
1446 1283 1448 1285 ·

275 1359 331 1416 ait:
346 1360 445 1418 mom
460 1357 527 1417 aas
538 1339 746 1426 1611661691Ὶὶ51
761 1354 936 1431 bononem-1
950 1355 1063 1412 nlfflu't
1078 1355 1150 1411 *iffi
1164 1354 1213 1411 nt<
1228 1339 1305 1425 *1³59
1320 1354 1396 1413 beto

275 1448 361 1535 7³55.
389 1454 509 1514 Pendet
527 1453 667 1512 vaticinii
682 1451 829 1511 acerbitas
852 1471 891 1510 ex
909 1450 973 1510 iure
988 1451 1118 1510 talionis.
1147 1452 1217 1510 Hac
1231 1452 1263 1508 in
1278 1471 1331 1510 ara
1346 1453 1397 1531 qui

276 1556 480 1618 sacrificanmt
494 1554 677 1627 sacerdotes,
696 1554 729 1612 16
744 1552 850 1612 eadem
865 1551 1071 1610 sacrificantur
1085 1560 1116 1611 et
1129 1552 1200 1632 ipsi,
1215 1553 1331 1611 hostias
1345 1553 1397 1632 qui

276 1658 514 1730 combusserunt,
539 1662 626 1715 erunt
645 1654 804 1727 combusti,
827 1655 859 1712 in
878 1673 939 1733 qua
958 1653 1079 1732 spiritus
1100 1652 1180 1713 dona
1194 1655 1397 1733 superstitioni
1429 1704 1436 1710 .
1455 1715 1462 1721 ,

275 1766 400 1832 structa,
423 1759 455 1816 in
474 1757 581 1817 eadem
601 1776 669 1816 6666
687 1755 845 1814 fumabunt
853 1754 892 1833 ²¹²).
919 1754 1015 1814 Vides
1034 1755 1083 1812 hio
1097 1755 1309 1814 sacrificiorum
1323 1757 1397 1814 ritus

276 1882 308 1921 re
322 1881 395 1921 vera
411 1866 441 1920 et
454 1857 593 1918 incendio
610 1848 709 1936 (66511)
732 1855 798 1920 61661
817 1863 848 1915 66
861 1863 994 1915 mactatu
1013 1852 1107 1934 (unt).
1143 1857 1218 1916 Ideo
1238 1864 1397 1937 utrumque

275 1964 448 2022 universum
462 1979 570 2040 corpus
586 1959 755 2037 significare
768 1958 884 2037 potuit3
900 1957 937 2016 of.
955 1961 982 2016 1.
997 1958 1074 2035 Reg.
1084 1961 1113 2031 8,
1122 1958 1151 2016 5.
1173 1959 1197 2017 J
1198 1979 1239 2017 66.
1248 1960 1298 2032 65,
1312 1961 1341 2018 3.
1355 1993 1397 2002 -

278 2063 367 2139 Quod
383 2063 420 2124 de
434 2062 526 2122 verbo
542 2061 638 2135 valet,
658 2060 738 2119 idem
752 2061 784 2118 in
798 2059 919 2118 nomine
934 2063 1034 2121 ntum
1049 2060 1186 2118 cernitur.
1216 2061 1265 2119 De
1280 2079 1316 2119 66
1332 2061 1398 2118 niti·

278 2166 349 2225 dum
365 2171 463 2224 exstat
477 2163 682 2224 testimonium
695 2162 746 2220 Pe.
763 2162 812 2233 51,
829 2162 878 2220 18.
901 2161 924 2220 J
925 2160 1042 2220 ehovae
1056 2180 1117 2219 non
1131 2161 1253 2239 placere
1267 2168 1399 2220 mactata

278 2265 363 2346 (t'ffi't)
379 2267 460 2324 canit
474 2263 586 2338 David,
602 2264 725 2322 incensa
741 2253 842 2341 (665161)
856 2281 919 2320 666
932 2262 1045 2321 habere
1058 2270 1147 2340 grata
1161 2261 1258 2321 deum.
1284 2263 1345 2321 Hic
1361 2262 1399 2321 ad

278 2367 425 2428 sacrificia
440 2366 584 2425 salutaria
597 2385 658 2423 non
672 2365 823 2444 pertinere
839 2365 1020 2437 orationem,
1041 2363 1162 2442 lugubri
1180 2364 1271 2424 totius
1291 2365 1400 2423 cantici

279 2489 317 2530 ex
336 2469 408 2528 fletu
426 2475 524 2547 patet,
548 2466 599 2546 qui
620 2473 811 2545 peccatorum
834 2464 915 2524 mole
935 2485 1057 2545 pressus
1078 2466 1263 2546 piacularem
1285 2467 1401 2546 oppetit

278 2568 474 2648 6666166111).
509 2566 629 2627 Deinde
649 2588 677 2626 v.
696 2569 734 2626 19
756 2575 848 2647 poeta
872 2568 1043 2642 confitetur,
1065 2588 1144 2648 quae
1165 2588 1240 2628 vera
1259 2568 1400 2628 Jehovae

279 2673 338 2731 sint
353 2670 499 2729 sacrificia
519 2658 636 2750 [nonin
650 2665 752 2749 Ἤδη,
776 2671 936 2729 contritum
956 2688 1133 2748 nuncupans
1155 2670 1288 2733 animum
1309 2677 1401 2749 atque

280 2791 400 2833 caesum
419 2770 565 2850 plangore
585 2791 643 2829 cor.
660 2771 740 2830 Tum
753 2791 782 2829 v.
799 2774 856 2830 21:
881 2771 989 2844 Tauri,
1009 2770 1121 2851 inquit,
1141 2771 1173 2830 in
1188 2769 1333 2830 altaribus
1348 2770 1399 2830 ad·

280 2872 432 2947 scandent,
449 2872 568 2951 quando
578 2871 601 2930 J
603 2871 717 2931 ehovae
729 2871 893 2950 placebunt
903 2872 1054 2945 universa,
1070 2891 1148 2952 quae
1158 2873 1249 2950 justis
1263 2872 1401 2932 manibus

280 2975 396 3048 661666,
417 2973 563 3032 sacrificia
582 2970 658 3054 (W
678 2972 774 3053 tunt).
803 2973 846 3032 Et
864 2973 941 3033 haec
959 2993 1060 3034 rursus
1080 2995 1157 3034 voce
1176 2973 1402 3054 comprehendit

280 3065 469 3138 1666666.
498 3075 579 3134 Nem
596 3075 689 3155 plane
708 3074 824 3149 dedita,
847 3077 971 3136 coelesti
990 3078 1130 3137 immersa
1144 3077 1276 3137 castitati
1290 3075 1402 3136 debent

282 3197 362 3250 6666,
383 3197 461 3256 quac
476 3179 570 3238 166666
585 3197 690 3237 66666
706 3178 852 3257 repleant.
883 3179 965 3238 Hinc
979 3198 1052 3238 sane
1067 3186 1206 3260 apparet,
1229 3196 1401 3257 aequoque

282 3298 360 3359 quae
375 3277 537 3357 aliquando
553 3299 614 3336 non
622 3280 791 3359 placuerint
799 3287 926 3355 augusto
935 3279 1057 3352 numini,
1073 3298 1135 3339 non
1147 3281 1212 3339 6616
1226 3278 1401 3338 salutarium

281 3381 341 3438 ritu
357 3379 439 3438 facta
455 3398 530 3437 esse.
564 3380 613 3437 Ita
624 3380 690 3438 Jes.
704 3383 732 3453 1,
748 3383 784 3438 11
802 3380 902 3438 omnia
915 3380 1029 3459 pariter
1049 3379 1196 3464 sacrificia
1212 3388 1401 3461 spernuntur,

250 3558 254 3566 ι
283 3501 374 3561 quum
397 3488 428 3540 et
449 3479 653 3539 adscensionis
679 3481 862 3540 mentionem
887 3482 1003 3541 iniiciat
1026 3481 1175 3562 propheta
1200 3490 1231 3543 et
1252 3482 1349 3562 adipis
1372 3489 1403 3541 et

283 3581 446 3660 sanguinis.
467 3581 584 3640 Eadem
598 3590 706 3642 natura
721 3583 792 3642 dioti
808 3585 836 3641 1.
846 3580 927 3642 Sam.
937 3585 987 3658 15,
996 3586 1045 3660 22,
1060 3584 1112 3644 661
1127 3583 1250 3644 Samuel
1262 3584 1402 3644 «1666666

352 3797 377 3860 ⁴⁶)
390 3805 422 3850 61.
434 3804 504 3851 Keil.
517 3803 613 3852 Gomm.
625 3817 650 3864 p.
663 3805 720 3853 205.

335 3882 375 3945 ‘*)
387 3889 440 3935 Iam
452 3889 550 3936 Luther
563 3893 658 3950 etpost
670 3904 725 3938 eum
738 3889 937 3951 Hengstenberg
952 3891 995 3938 hic
1011 3891 1043 3938 de
1058 3890 1140 3950 666616
1155 3889 1241 3952 potius
1258 3890 1402 3950 661661661-

284 3976 393 4019 morunt.
418 3972 468 4020 Sed
481 3987 536 4018 eam
549 3974 592 4032 qui
605 3989 635 4020 ex
647 3975 689 4021 Ρ6.
703 3977 747 4036 34,
762 3978 801 4022 19.
816 3977 873 4035 147,
886 3978 910 4022 3.
923 3980 1021 4036 emant,
1040 3976 1157 4036 equidem
1169 3990 1220 4022 non
1230 3975 1314 4022 video.
1343 3976 1401 4035 Ipso

285 4061 370 4104 autem
386 4057 432 4103 hoo
448 4057 475 4102 in
491 4057 602 4104 carmine
613 4060 692 4118 'grato
710 4060 795 4106 sensui
813 4064 838 4106 et
854 4062 925 4108 616
942 4066 968 4108 66
982 4076 1008 4107 v.
1023 4063 1054 4108 14
1066 4060 1177 4108 obstant.
1201 4061 1240 4107 Ex
1255 4074 1280 4107 v.
1294 4063 1325 4109 15
1341 4059 1401 4108 inde

285 4147 391 4188 cunctae
404 4141 517 4188 civitatis
529 4147 672 4202 respectum
684 4143 763 4192 hebet
774 4149 850 4206 poeta
863 4145 906 4204 (61.
919 4146 995 4206 stier,
1008 4145 1112 4207 Siebzig
1120 4146 1357 4206 ausgeruPsalmen
1368 4146 1401 4191 11.
1426 4153 1442 4165 ··
1455 4147 1462 4154 ’

285 4239 310 4285 p.
323 4224 392 4283 211).
414 4226 459 4274 Illi
475 4226 611 4276 adversum
628 4229 707 4274 sentit
722 4231 827 4289 gravius
844 4245 917 4277 suum
928 4243 999 4278 onus.
1021 4230 1130 4278 Avidius
1143 4230 1274 4278 desiderat
1285 4243 1342 4277 cum
1354 4230 1402 4276 deo

284 4323 386 4370 pacem,
399 4314 513 4359 sanctam
525 4311 702 4374 integramque
714 4315 931 4364 consuetudinem.
955 4313 1004 4375 Qui
1016 4317 1039 4363 ei
1051 4316 1167 4364 redirent
1177 4316 1229 4377 ipsi
1240 4315 1310 4362 diest
