3434 5067
725 473 985 552 ’.μη-

318 660 363 719 uti
376 678 475 740 neque
489 659 548 718 dici
564 660 644 740 quit,
658 659 749 741 plane
762 659 844 720 idem
861 678 928 721 esse
937 651 1011 724 obn
1024 667 1057 721 et
1071 664 1148 734 ml,
1163 658 1196 720 id
1209 660 1291 742 quod
1304 661 1366 720 iam
1379 659 1438 720 hac

317 759 457 820 iunctura
471 755 508 822 'v
521 764 599 824 *fini
611 761 766 836 refutatur,
780 782 881 843 neque
894 772 1111 842 usquequaque
1125 765 1226 825 nimi
1239 781 1300 822 non
1313 762 1437 822 tendere

317 862 375 922 uisi
391 861 430 920 ad
445 862 588 922 salutaria
601 882 696 936 sacra,
710 865 755 922 ita
768 864 869 943 potius
883 864 1026 942 generale
1040 883 1150 924 nomen
1159 868 1260 928 h'l'ffl't
1271 883 1328 943 pro
1342 864 1436 954 variis
1551 865 1557 876 “

317 963 504 1044 loquentium
524 965 754 1024 necessitatibus
773 965 864 1024 modo
885 966 996 1026 arctius
1018 964 1230 1042 constringitur
1252 985 1325 1039 usu,
1346 964 1435 1024 mode

317 1064 408 1123 latius
423 1065 602 1125 extenditur.
639 1063 672 1125 Si
688 1065 760 1146 quid
774 1066 874 1126 simile
888 1067 1024 1147 qnaeris,
1040 1086 1079 1126 ex
1091 1066 1183 1125 Dent.
1199 1068 1249 1138 12,
1264 1069 1293 1125 6.
1311 1068 1435 1125 11-12

259 1183 262 1194 ·
317 1166 372 1225 tibi
387 1167 565 1245 sumpseris,
584 1167 637 1228 ubi
656 1168 813 1247 epularum
832 1169 967 1228 laetitiae
986 1169 1077 1228 etiam
1091 1186 1182 1249 super
1194 1167 1308 1226 solidas
1321 1166 1436 1226 hostias

317 1267 516 1328 effimduntur.

399 1369 450 1428 Ex
467 1368 525 1428 hac
545 1372 804 1448 argumentatione
823 1372 884 1430 iarn
903 1371 942 1430 de
955 1370 1105 1450 primariis
1120 1370 1332 1430 sacrificiorum
1346 1389 1435 1447 gene-

315 1470 397 1529 ribus
423 1469 498 1530 haec
516 1472 603 1531 nobis
630 1479 777 1532 constant.
813 1472 942 1533 Duabus
966 1472 1219 1551 appellationibus
1239 1472 1340 1530 omnia
1357 1491 1435 1530 com·

315 1572 557 1652 prehenduntur,
576 1580 611 1632 ut
630 1581 682 1632 aut
701 1574 828 1658 alteram
848 1593 887 1632 ex
904 1573 957 1647 iis,
976 1581 1029 1632 aut
1046 1582 1204 1653 utramque
1225 1572 1436 1652 proposuerint

316 1674 492 1752 scriptores,
514 1681 660 1753 quatenus
676 1694 715 1734 ex
729 1683 812 1734 certa
827 1675 959 1756 quadam
980 1674 1162 1735 caerimonia
1184 1674 1224 1734 ad
1245 1681 1341 1733 totum
1359 1675 1435 1732 ritus

316 1774 506 1854 complexum
520 1776 617 1836 relatu
631 1784 685 1836 est.
718 1778 827 1857 Itaque

400 1881 503 1939 nimi
516 1885 662 1937 vocantur
678 1878 707 1957 1)
723 1879 824 1938 omnia
838 1879 986 1938 sacrificia
1001 1879 1130 1938 omnino.

678 1979 709 2059 2)
725 1981 825 2039 omnia
840 1988 972 2039 cruenta.

678 2083 710 2162 3)
726 2102 762 2141 ea
777 2102 816 2142 ex
830 2083 970 2156 cruentis,
985 2101 1064 2161 quae
1077 2101 1139 2140 non
1152 2079 1245 2161 plane
1259 2085 1435 2139 cremantur.

678 2185 709 2263 4)
725 2184 879 2243 salutaria.
1351 2162 1353 2172 Ι

400 2272 495 2348 tribu
519 2283 644 2346 audiunt
682 2287 711 2364 1)
727 2284 827 2344 omnia
841 2285 996 2344 sacrificia.

678 2385 709 2465 2)
725 2387 833 2460 omnis,
848 2406 928 2467 qnae
940 2387 1033 2466 plane
1048 2384 1258 2446 comburuntur
1264 2384 1303 2465 ³).
1404 2387 1409 2402 “

678 2485 709 2566 3)
724 2487 844 2546 solida.

401 2588 451 2646 Ex
465 2587 511 2647 his
526 2587 697 2648 notionibus
720 2603 798 2669 quae
820 2588 947 2667 singulis
967 2590 1043 2650 locis
1061 2598 1152 2670 aptae
1171 2589 1243 2662 sint,
1266 2587 1436 2666 circumspi-

316 2689 454 2749 ciendum
468 2697 522 2749 est.

401 2790 517 2865 Quibus
545 2793 718 2872 praemissis
744 2793 805 2852 iam
829 2792 869 2852 ad
890 2793 1065 2853 universum
1090 2792 1302 2852 sacrificiorum
1328 2810 1437 2870 corpus

315 2891 525 2952 illustrandum
548 2903 698 2955 revertere
718 2915 887 2975 possumus.
922 2896 1146 2955 Enumerantur
1166 2895 1270 2974 paullo
1293 2893 1437 2952 curiosius

309 2985 405 3051 Num.
423 2995 476 3066 15,
494 2996 511 3053 3
528 3014 608 3074 sqq„
627 2997 671 3054 ita
684 3003 718 3054 ut
732 2999 853 3057 nomine
867 2988 921 3057 'sb
936 3002 1012 3059 nos
1026 2997 1242 3076 comprehensa
1257 2995 1322 3054 lieri
1335 2995 1437 3053 dican-

316 3101 364 3153 tur
387 3099 472 3176 tarn
495 3101 535 3176 qn
557 3101 595 3158 rs
617 3100 707 3176 upra
729 3102 770 3178 qn
791 3087 844 3157 'ab
866 3102 947 3159 nun
968 3103 1030 3158 ror
1051 3088 1172 3170 niort,
1195 3104 1225 3155 es
1243 3096 1308 3155 Jer.
1330 3099 1380 3168 17,
1396 3097 1435 3154 ae

316 3196 422 3255 eadem
436 3198 549 3277 populo
566 3197 754 3257 observanda
768 3199 934 3258 inculcavit
947 3205 1047 3272 vates,
1067 3206 1099 3257 ut
1114 3197 1248 3257 divinam
1266 3197 1438 3278 perveniret

316 3296 356 3356 ad
377 3298 515 3358 salutem.
545 3300 615 3358 Non
638 3300 717 3358 enim
739 3300 810 3362 licet
829 3300 933 3359 vacuis
953 3299 1090 3359 manibus
1104 3300 1256 3360 Jchovam
1275 3298 1360 3357 adire
1378 3299 1437 3357 Ex.

256 3473 260 3480 .
317 3400 367 3472 23,
384 3400 434 3460 25.
451 3401 507 3472 34,
522 3402 578 3474 203
601 3401 670 3460 coll.
685 3421 715 3460 v.
732 3402 781 3460 24.
810 3401 941 3461 Meliora
956 3400 1077 3481 quidem
1090 3423 1146 3481 per
1160 3421 1193 3461 se
1210 3401 1323 3460 habere
1336 3405 1438 3479 potest

316 3500 490 3560 tremendus
507 3502 659 3560 coelorum
674 3522 728 3561 rex
743 3511 773 3562 et
787 3503 880 3562 habet
893 3504 966 3562 Mal.
978 3507 1005 3576 1,
1021 3505 1049 3563 8.
1074 3502 1135 3563 Sed
1149 3503 1294 3584 pietatem
1310 3501 1436 3583 quaerit,

316 3601 377 3660 illis
393 3622 471 3681 quae
486 3621 518 3662 se
535 3602 651 3680 digerat
665 3604 817 3677 Prov.15,
833 3607 862 3664 8.
886 3603 972 3677 Quae
988 3605 1014 3662 si
1028 3605 1132 3682 vigore
1148 3603 1318 3666 exuberans
1331 3604 1436 3662 volun-

315 3703 391 3761 tario
407 3722 446 3762 ex
460 3704 573 3784 impetu
583 3704 781 3764 substantiam
791 3705 887 3784 adigit
895 3707 918 3766 J
919 3705 1035 3766 chorae
1051 3706 1090 3765 ad
1104 3713 1331 3780 sacramentum,
1346 3706 1438 3785 plane

316 3803 418 3864 dedita
438 3813 560 3866 aeterno
579 3806 707 3880 numini,
729 3807 761 3867 in
778 3809 902 3867 victima
920 3811 1013 3868 solido
1034 3809 1093 3867 ritu
1112 3816 1260 3887 operatur.
1284 3806 1397 3868 Contra
1412 3808 1438 3866 si

315 3905 386 3964 forti
400 3907 522 3968 divinae
538 3916 591 3967 aut
604 3910 720 3986 gratiae
735 3916 788 3969 aut
802 3911 864 3970 irae
878 3911 1016 3990 potentia
1031 3929 1189 3984 concussa,
1210 3909 1299 3970 modo
1314 3911 1345 3969 in
1359 3913 1438 3968 salu·

304 4009 437 4080 'larido-s,
453 4010 541 4069 modo
557 4011 590 4072 in
597 4012 727 4089 piaculis
742 4031 827 4070 suam
840 4011 941 4092 prodit
955 4010 1096 4070 indolem.
1123 4012 1174 4072 Ex
1188 4012 1238 4087 iis,
1254 4032 1332 4093 quae
1346 4011 1437 4070 histo

361 4155 386 4219 *J
405 4162 453 4209 Vel
472 4163 493 4210 si
510 4165 593 4224 magis
610 4167 708 4225 placet,
728 4179 792 4225 quas
813 4179 842 4212 ex
859 4164 991 4212 offerentis
1006 4166 1168 4226 possessione
1186 4155 1262 4226 plane
1280 4168 1436 4213 auferuntur.

314 4248 365 4293 Illa
381 4247 532 4296 Drschslcri
553 4248 680 4310 definitio,
699 4251 740 4298 dis
754 4250 1082 4300 Unwisscnschaltlicbkeit
1098 4253 1144 4301 aut
1153 4252 1212 4302 deus
1226 4250 1291 4301 Gcb.
1303 4251 1351 4300 der
1361 4252 1394 4302 Δ.
1406 4250 1434 4301 Τ.

313 4331 405 4380 Kritik
415 4347 441 4394 p.
456 4334 512 4382 107.
