3434 5067
737 505 949 563 &33-

284 676 375 751 signa
392 671 431 732 ad
445 671 547 732 coelos
555 671 781 758 protenduntur,
800 672 882 732 unde
893 672 1016 733 divinae
1027 674 1190 751 potestatis
1208 674 1337 753 quaevis
1355 695 1402 734 ra-

285 776 407 835 diantur
417 775 566 854 auspicia.
582 774 645 835 Sed
654 783 794 834 neutrum
801 775 895 854 plane
906 793 942 834 eo
952 777 1084 848 deditam
1092 782 1126 833 ut
1133 775 1195 833 ritu
1206 776 1275 855 ipso
1283 776 1402 855 procla-

284 885 383 936 metur
396 876 477 937 tradi
490 875 548 936 deo
568 877 600 935 in
614 884 693 951 actu,
708 897 767 956 quo
778 884 955 956 perpetrato
968 877 1115 935 ministris
1128 877 1242 936 tradita
1255 885 1334 936 sunt.
1360 877 1405 937 Ut

285 977 495 1039 sacerdotibus
509 978 621 1038 cedant
633 986 762 1050 saerata,
776 978 834 1036 hac
848 979 1087 1038 consecrationis
1101 979 1288 1039 caerimonia
1302 978 1341 1038 ad
1348 978 1373 1039 J
1373 999 1403 1038 e-

284 1083 382 1142 hovae
397 1081 495 1161 ipsius
511 1081 578 1140 iura
594 1080 777 1152 evehuntur,
799 1079 909 1159 quibus
926 1080 1104 1140 collustrata
1121 1080 1183 1140 iam
1199 1080 1404 1140 sacerdotalia

284 1185 402 1242 niteant
418 1190 448 1242 et
462 1184 541 1262 ipsa.
575 1181 695 1240 Eadem
710 1181 890 1241 Levitarum
905 1181 1053 1255 conditio,
1077 1182 1130 1241 ubi
1145 1182 1203 1241 hac
1219 1182 1405 1242 caerimonia

284 1285 453 1344 ministerio
468 1283 633 1361 adiguntur
645 1279 736 1342 Num.
746 1287 773 1355 8,
787 1286 827 1343 10
836 1303 902 1362 sqq.
926 1284 1017 1344 Dona
1028 1284 1073 1342 ita
1086 1303 1165 1363 quae
1178 1293 1338 1344 moventur
1352 1285 1404 1364 qui

285 1396 387 1447 movet
408 1386 473 1445 eius
490 1405 558 1444 esse
573 1393 715 1457 testatur,
733 1405 771 1444 ex
788 1406 846 1464 qno
864 1385 966 1444 omnia
981 1394 1064 1457 sunt,
1087 1406 1145 1464 per
1160 1406 1250 1465 quem
1265 1395 1348 1459 sunt,
1364 1386 1404 1445 ad

286 1509 375 1568 quem
389 1495 469 1546 sunt.
492 1487 567 1546 siin
576 1487 670 1546 altum
680 1488 847 1560 elevantur,
863 1487 892 1546 ei
905 1487 1028 1559 sanciri,
1043 1487 1092 1546 cui
1104 1486 1222 1546 telluris
1234 1489 1335 1567 spatia
1344 1509 1405 1547 nou

286 1590 456 1661 sufficiunt,
474 1590 526 1668 qui
542 1609 635 1669 super
652 1609 690 1648 ea
705 1589 804 1648 elatus
820 1590 851 1648 iu
868 1589 961 1648 coelis
978 1587 1131 1666 gubernat
1145 1589 1210 1647 fata
1223 1589 1291 1648 Jes.
1309 1591 1357 1661 66,
1377 1592 1403 1648 1.

285 1693 374 1750 Haec
387 1711 500 1750 arcana
510 1690 680 1750 divinitatis
690 1690 755 1750 via:
774 1691 826 1769 qui
840 1690 941 1748 locum
955 1689 1108 1748 inhabitat
1119 1690 1280 1750 sublimem
1295 1698 1326 1749 et
1336 1710 1403 1750 san·

287 1802 377 1866 ctum,
391 1793 473 1851 idem
486 1793 575 1852 adest
588 1793 711 1852 afflictis
727 1801 757 1851 et
770 1790 935 1850 humilibus
950 1791 974 1851 J
974 1811 1017 1852 ee.
1028 1794 1078 1864 57,
1089 1794 1138 1852 15.
1162 1795 1289 1853 Jelwoae
1304 1793 1405 1869 gratia

286 1895 383 1953 fertur
397 1915 454 1974 per
467 1915 567 1954 rerum
584 1895 686 1972 ampla
702 1895 803 1973 spatia
817 1895 871 1953 Ps.
884 1896 934 1966 36,
945 1896 1059 1953 6-10,
1088 1893 1165 1953 Ideo
1182 1894 1208 1952 si
1223 1899 1321 1956 ΜΠ
1337 1914 1405 1954 eam

288 2005 457 2056 contrectat
470 1997 520 2056 dei
533 1997 760 2068 revelationem,
776 2015 854 2074 quae
864 1995 1018 2055 Hebraeis
1028 1996 1150 2054 nomine
1161 1999 1240 2056 111ῦὶ
1250 1995 1403 2069 adoratur,

286 2104 397 2161 butun
409 2098 507 2158 tendit
521 2099 560 2158 ad
574 2097 718 2158 obscuros
729 2098 880 2170 horrores,
894 2098 946 2178 qui
958 2098 991 2155 in
1000 2098 1208 2177 appellatione
1218 2085 1324 2159 0⁵ku
1335 2119 1404 2157 cou-

287 2201 433 2261 feruntur.
450 2201 512 2261 Ubi
521 2201 824 2278 iunguntur,=nomen
834 2199 950 2272 iudicii,
963 2208 997 2258 ut
1010 2220 1077 2258 cum
1085 2197 1237 2259 Rabbinis
1248 2194 1404 2283 loquar*),

288 2323 355 2362 cum
369 2304 491 2364 nomine
504 2304 623 2381 gratiae
635 2303 753 2362 unitum
766 2310 905 2382 apparet.
922 2303 997 2363 Veri
1009 2303 1105 2380 igitur
1117 2310 1164 2361 est
1177 2301 1295 2382 aliquid
1307 2303 1339 2361 in
1352 2299 1404 2361 de-

287 2413 383 2477 creto,
401 2425 460 2484 quo
477 2401 679 2487 Vitringa**)
697 2405 883 2473 caerimonia
899 2405 997 2464 crucis
1013 2405 1140 2463 formam
1156 2404 1330 2463 adumbrari
1345 2412 1405 2465 sta-

287 2507 353 2579 tuit,
369 2527 409 2566 ex
424 2527 485 2587 qua
500 2505 550 2566 dei
566 2505 723 2586 pendebat
737 2527 846 2584 agnus.
870 2508 1012 2588 Namque
1024 2505 1177 2566 horrenda
1189 2506 1405 2566 maledictione

287 2607 371 2667 trabs
386 2607 513 2668 brachia
528 2608 697 2688 dispendit,
720 2608 830 2688 quibus
846 2609 992 2669 mundum
1006 2617 1157 2689 perpetuo
1173 2608 1406 2688 amplexabatur

288 2710 410 2769 divinus
431 2731 515 2770 amor
534 2718 564 2769 et
584 2709 705 2770 sublata
725 2710 765 2769 ad
780 2719 863 2770 astra
877 2720 1052 2772 terrestrem
1066 2711 1198 2790 proiecit
1213 2718 1333 2770 noctem
1347 2729 1407 2789 per

288 2813 423 2872 aethera.
466 2812 624 2872 Aeternae
649 2814 746 2872 crucis
774 2813 833 2872 hac
861 2814 961 2890 gloria
983 2813 1090 2871 suffusi
1113 2812 1189 2871 ritus
1212 2812 1405 2871 altitudinem

286 2915 469 2994 praedicant
483 2923 514 2974 et
526 2913 722 2974 latitudinem
739 2915 836 2975 divini
853 2916 978 2989 amoris,
997 2915 1079 2994 Eph.
1096 2917 1125 2987 3,
1143 2918 1193 2975 18.
1223 2915 1313 2974 Haec
1328 2915 1405 2973 vati-

288 3016 358 3073 cina
374 3036 477 3074 eorum
492 3015 621 3088 indoles,
639 3037 699 3097 qua
715 3016 938 3076 sacerdotalem
952 3018 1101 3097 populum
1117 3024 1272 3076 coronant.
1297 3016 1358 3075 Dei
1374 3016 1406 3075 in

286 3115 478 3194 benignitate
494 3139 530 3178 ac
545 3119 646 3195 gratia
662 3127 769 3198 aperta
782 3119 952 3179 futurorum
963 3119 1153 3199 praesensio.
1174 3119 1246 3177 Non
1258 3135 1406 3195 praesens

287 3217 377 3278 modo
392 3213 615 3300 usquequaque
631 3221 696 3280 eius
712 3241 823 3281 numen
833 3222 916 3296 ***),
940 3221 997 3280 sed
1009 3221 1105 3279 beans
1121 3219 1200 3278 almo
1216 3227 1406 3278 sacramento

289 3329 449 3398 arrogatur
464 3307 591 3394 sanctis,
609 3331 640 3380 et
654 3324 744 3383 motis
760 3323 952 3402 sublatisque
967 3320 1143 3381 muneribus
1159 3320 1302 3380 sacrificii
1317 3321 1405 3380 mini-

288 3429 350 3481 stro
373 3422 464 3481 huius
487 3423 638 3482 beneficia
660 3425 719 3486 sibi
743 3425 878 3483 cumulat
903 3423 1125 3483 immolantium
1145 3422 1256 3501 pietas.
1294 3424 1405 3503 Neque

288 3523 431 3582 sacrificii
459 3525 557 3584 solum
583 3527 688 3606 specie
716 3525 851 3586 membra
878 3519 1023 3607 ornat†),
1051 3544 1152 3604 neque
1179 3525 1211 3583 in
1240 3533 1406 3603 conspectu

287 3624 430 3685 dehovae
446 3625 560 3706 deponi
571 3628 621 3706 ††)
639 3629 756 3706 agitata
771 3627 857 3686 iubet
870 3627 1073 3699 caerimonia,
1094 3626 1149 3686 sed
1166 3627 1292 3686 coelesti
1308 3626 1405 3685 halitu

287 3725 380 3786 beata
396 3729 504 3787 sternit
517 3729 631 3809 populo
649 3729 774 3788 coelesti
791 3728 903 3788 decore
917 3728 1075 3808 insignito.

359 3928 395 3994 f)
407 3947 432 3980 v.
445 3933 526 3980 Sohar
538 3931 577 3979 cd.
589 3931 697 3978 Amstel.
716 3931 744 3978 T.
757 3932 803 3978 111.
821 3932 867 3981 iol.
880 3935 911 3980 65
924 3949 952 3992 a,
970 3935 988 3981 1.
1001 3935 1041 3980 14.
1066 3934 1192 3991 Sommer,
1210 3932 1300 3979 -Theol,
1317 3932 1406 3980 Sohar.

287 4033 312 4078 p.
326 4019 357 4065 63
370 4030 424 4076 sqq.

357 4099 391 4162 *Ἴ
406 4101 467 4148 Obs.
480 4115 545 4147 sacr.
557 4101 593 4160 11,
606 4115 662 4161 cap.
677 4102 717 4149 16.
728 4115 753 4162 p.
768 4103 824 4150 251.

340 4182 389 4246 ***)
403 4186 484 4246 Sykes
497 4186 514 4231 l.
526 4185 543 4231 l.
557 4200 581 4245 p.
594 4186 634 4232 113.
659 4187 751 4247 Bauer,
766 4187 807 4234 die
819 4189 929 4248 gottosd.
942 4189 1013 4235 Veri.
1027 4187 1072 4235 der
1083 4187 1164 4236 Hebr.
1176 4189 1197 4234 Ι.
1207 4201 1232 4248 p.
1246 4188 1304 4235 139.

368 4263 393 4335 i)
405 4270 536 4328 Vitringa,
550 4269 612 4318 Obs.
625 4271 657 4318 11.
669 4286 695 4331 p.
708 4274 748 4319 38.

357 4350 394 4412 ††)
413 4352 535 4404 Cocceius
563 4353 637 4416 (Lex.
657 4371 683 4416 p.
705 4352 778 4417 48³.)
800 4356 867 4403 hanc
886 4357 1015 4405 notionem
1036 4358 1091 4406 sinc
1111 4356 1268 4417 argumentis
1289 4353 1406 4402 adscivit.

1588 3714 1592 3799 1
