3434 5067
751 487 942 543 ..4-

287 663 379 716 testes
395 654 538 728 evadant,
554 667 620 712 eam
634 653 827 714 sacrificando
843 653 1032 712 celebrarunt
1041 652 1264 737 verecundiam,
1281 673 1340 732 qua
1354 652 1406 710 uni

287 757 426 816 Jehovae
445 757 560 814 numini
578 757 698 835 penitus
718 775 750 814 se
770 754 928 813 adstrictos
951 755 1128 814 sentiebant.
1164 753 1226 812 Sed
1244 755 1290 812 uti
1308 761 1405 812 motus

288 860 420 918 variatur
435 858 575 916 horarum
593 877 745 932 successu,
768 859 811 916 ita
826 856 972 916 donorum
989 855 1114 933 effigies,
1134 858 1181 914 cui
1197 876 1229 914 se
1246 856 1405 935 impressit.

365 961 460 1019 Varia
472 959 542 1018 inde
555 959 779 1032 sacrificiorum,
796 979 874 1038 quae
889 959 958 1036 lege
967 959 1102 1016 Mosaica
1110 965 1223 1016 statuta
1232 958 1405 1037 reperimus,

285 1081 398 1139 genera
412 1069 583 1120 nascuntur.
607 1059 741 1135 Quorum
755 1062 816 1134 uni,
833 1060 914 1140 quod
927 1061 1032 1139 paullo
1048 1059 1178 1117 curatius
1193 1058 1404 1117 illustrandum

285 1162 343 1221 hac
358 1164 607 1221 commentatione
622 1162 708 1221 nobis
724 1163 917 1240 sumpsimus,
933 1169 1002 1219 ante
1018 1162 1119 1220 omnia
1131 1181 1217 1219 suum
1231 1161 1358 1238 figamus
1373 1161 1404 1216 in

285 1266 424 1324 universo
448 1264 621 1322 sacrificalis
643 1265 842 1322 caerimoniae
865 1264 1031 1342 complexu*
1046 1263 1154 1321 locum.
1191 1263 1331 1342 Namque
1353 1261 1404 1320 ubi

286 1366 486 1424 convertimus
501 1385 556 1423 nos
572 1364 610 1423 ad
626 1365 828 1443 indagandam
845 1365 1000 1442 religionis
1016 1373 1094 1422 certo
1110 1367 1237 1440 quadam
1249 1366 1403 1442 sacraficiu-

284 1489 349 1526 rnm
363 1469 454 1543 specie
476 1466 614 1544 depictae
635 1467 796 1540 rationem,
821 1467 873 1525 ubi
893 1487 953 1545 qua
973 1467 1024 1523 via
1044 1467 1196 1545 quaeritur
1210 1467 1404 1544 singularibus

284 1587 350 1626 seso
364 1568 470 1626 ritibus
479 1568 670 1646 impresserit,
679 1575 711 1626 et
724 1567 875 1647 quidinde
888 1568 1041 1644 augmenti
1054 1568 1237 1646 impetritum
1249 1575 1403 1626 teneamus

284 1669 323 1728 ad
337 1670 472 1728 intimam
494 1647 587 1747 ipsius
608 1677 751 1746 aggestae
771 1677 921 1742 naturam,
946 1647 1146 1730 examinanda
1168 1669 1238 1726 hinc
1257 1671 1403 1748 pecoralis

282 1771 477 1830 multimodae
497 1771 528 1828 in
547 1773 740 1830 veneratione
756 1772 956 1829 caerimoniae
970 1773 1147 1847 compositio,
1170 1770 1255 1828 illinc
1268 1772 1403 1829 comatae

284 1873 355 1931 data
370 1873 526 1931 occasione
541 1876 650 1950 reputo.
680 1873 729 1932 De
743 1872 790 1932 bis
805 1893 885 1932 nunc
899 1871 1064 1931 videamus.

830 2107 856 2170 1.

434 2244 697 2292 snomrrcroauu
709 2244 927 2294 msraraurro
940 2245 977 2290 m
988 2243 1082 2291 naon
1094 2243 1253 2292 nosnos.

366 2377 475 2438 Omnia
490 2379 597 2459 quibus
612 2379 769 2439 Israelitae
783 2381 806 2440 J
808 2379 935 2438 ehovam
950 2379 1139 2439 honorabant
1159 2379 1239 2438 dona
1253 2388 1305 2438 aut
1320 2381 1399 2439 oblo-

280 2481 387 2539 tionum
401 2481 497 2540 forma
512 2489 564 2540 aut
578 2483 784 2560 sacrificiorum
799 2481 965 2541 traduntur.
995 2483 1108 2542 Nititur
1122 2483 1179 2541 hoc
1194 2482 1354 2540 discrimen
1368 2483 1400 2539 in

278 2582 472 2658 religionibus
488 2585 569 2662 ipsis.
596 2585 675 2642 Nam
691 2605 754 2657 eae,
772 2584 879 2663 quibus
894 2587 986 2645 ineam
1001 2584 1050 2642 dei
1063 2585 1179 2642 numini
1194 2604 1226 2642 se
1241 2583 1399 2641 adstrictos

279 2685 424 2758 sentiunt,
439 2686 611 2744 muneribus
628 2686 767 2744 altarium
782 2686 909 2744 flammis
925 2669 1040 2744 sursum
1051 2685 1163 2743 evectis
1177 2668 1398 2762 praedicantur,

279 2806 370 2864 quum
386 2785 573 2844 sacerdotum
588 2785 675 2859 fiant,
698 2787 831 2845 divinam
851 2807 929 2865 quae
943 2787 1120 2844 sacerdotali
1133 2788 1162 2843 in
1177 2787 1237 2844 cita
1253 2794 1399 2864 oppetunt

211 2928 217 2941 ,
277 2887 502 2945 revelationem.
531 2887 592 2944 Illa
607 2888 753 2946 coelestes
768 2894 914 2966 spectant,
929 2887 1004 2945 haec
1019 2895 1155 2946 terrenas
1168 2887 1308 2948 Jehovae
1323 2888 1397 2945 vias.

363 2987 606 3048 Desacerdotum
617 2989 747 3048 essentia
757 2988 880 3047 dubium
890 2988 977 3047 nobis
988 2991 1180 3050 omninoesse
1191 2990 1303 3068 nequit.
1318 2990 1398 3047 Nam

277 3089 357 3148 istud
380 3089 522 3164 edictum,
546 3111 604 3170 quo
628 3090 734 3150 foedus
757 3111 823 3150 cum
844 3091 958 3170 populo
979 3092 1142 3151 ineundum
1162 3091 1235 3151 deus
1258 3091 1396 3162 initiavit,

276 3191 334 3248 Ex.
353 3193 401 3263 19,
417 3194 514 3264 4—6,
530 3192 646 3250 firmum
661 3193 747 3250 nobis
763 3194 966 3250 testimonium
982 3194 1143 3250 constituit.
1171 3192 1208 3248 In
1223 3191 1396 3248 memoriam

276 3291 391 3367 redegit
413 3292 436 3349 J
438 3291 555 3368 ebovah
577 3294 690 3371 populo
711 3295 798 3352 novis
818 3295 1013 3352 sacramentis
1032 3292 1246 3370 adstringendo
1262 3300 1396 3350 sanctam

275 3383 452 3464 vindictam,
469 3413 529 3472 qua
543 3394 669 3472 perditis
684 3395 904 3474 Aegyptiorum
925 3396 1018 3474 copiis
1032 3395 1177 3474 populum
1193 3394 1249 3452 sibi
1264 3393 1395 3452 vindica-

275 3494 360 3567 verit,
375 3494 560 3552 vindicatum
575 3496 606 3553 in
623 3497 742 3576 aquilae
758 3495 815 3554 alis
830 3497 1003 3574 gestaverit.
1026 3497 1091 3555 Iam
1107 3497 1132 3554 si
1147 3496 1178 3553 in
1193 3496 1315 3556 foedere
1329 3516 1395 3575 per-

275 3603 355 3653 stare
367 3597 463 3654 velint
478 3604 507 3654 et
523 3596 724 3656 obedientiam
740 3600 886 3677 praebere
897 3607 927 3657 et
936 3598 1061 3677 obsequi
1071 3618 1227 3677 supremae
1236 3599 1395 3673 voluntati,

274 3695 339 3754 fore
352 3697 513 3775 pollicetur
527 3705 560 3757 ut
575 3699 668 3777 ipsius
684 3700 755 3774 sint,
772 3719 810 3758 ex
826 3701 957 3758 omnium
971 3719 1094 3759 numero
1110 3701 1265 3757 nationum
1281 3700 1394 3758 selecti.

273 3798 353 3855 Nam
368 3806 431 3856 tota
447 3808 525 3858 terra
541 3802 638 3880 inquit
652 3821 720 3860 mea
730 3809 783 3875 est,
800 3810 830 3860 et
841 3821 896 3859 vos
907 3801 980 3859 mihi
994 3799 1265 3860 eritissoccrdotole
1274 3822 1395 3880 regnum

275 3908 305 3957 et
319 3909 437 3960 sanctos
447 3906 583 3977 populna
607 3903 694 3961 Haec
705 3903 838 3961 universi
853 3904 939 3961 ratio.
962 3902 1023 3962 Sed
1038 3904 1090 3983 qui
1106 3903 1224 3963 versari
1235 3923 1334 3961 coram
1341 3903 1365 3962 J
1366 3923 1393 3961 e·

273 4000 353 4059 hova
367 4002 519 4060 voluerint
534 4003 718 4077 sacerdotes,
734 4004 770 4062 iis
786 4005 1000 4064 sanctimoniae
1012 4005 1143 4082 sigillum
1156 4004 1392 4083 imprimendum,

273 4121 311 4160 ne
327 4102 365 4161 ab
385 4110 511 4180 augusto
532 4112 732 4163 conterantur.
762 4107 820 4166 Est
839 4107 930 4184 igitur
951 4108 981 4164 in
1002 4105 1169 4164 sacerdotio
1189 4107 1305 4184 species
1325 4125 1400 4164 con--

274 4211 360 4281 cepta
374 4204 479 4283 populi
495 4224 610 4264 summa
625 4227 660 4264 ac
674 4207 817 4285 perfecta,
832 4209 987 4287 proposita
1002 4210 1083 4267 vitae
1097 4208 1205 4281 studio,
1220 4209 1270 4286 pio
1286 4227 1392 4286 propo·

188 4331 193 4336 ·
273 4305 330 4362 sita
341 4305 498 4365 desiderio.
518 4307 606 4367 Haec
614 4309 693 4368 enim
702 4311 817 4390 species
827 4310 893 4368 sola
903 4318 1053 4370 conventu
1061 4311 1173 4389 gaudet
1183 4330 1250 4369 cum
1258 4318 1389 4368 aeterno.
