3434 5067
736 487 949 544 κιρ,-

282 655 346 714 riae
361 655 488 714 decursu
502 653 708 714 Israelitarum
727 643 797 713 sunt
815 654 927 712 circum
947 653 1056 713 altaria
1074 661 1175 731 gesta,
1197 628 1404 730 cognoscimus

282 757 364 815 vitae
374 755 566 835 quotidianae
579 755 621 814 -ed
636 755 710 815 duas
725 757 797 814 istas
805 764 908 835 partes
917 754 1068 814 diversam
1075 756 1208 832 viguisse
1216 755 1402 831 religionem.

283 857 364 915 Tota
373 859 471 936 qualis
487 865 534 916 est
549 859 580 914 in
594 865 675 916 terra
688 858 794 937 populi
808 866 917 916 natura
926 858 949 916 J
950 857 1066 915 ehovae
1078 863 1132 915 est.
1156 855 1218 915 Sed
1228 857 1273 915 uti
1281 857 1404 934 benigni
1465 836 1468 844 ¹

283 958 372 1018 modo
387 959 494 1036 gratia,
510 957 598 1017 modo
615 959 734 1018 aemula
748 960 817 1017 irati
831 960 989 1018 maiestate
1004 958 1180 1031 concutitur,
1196 959 1239 1016 ita
1248 958 1403 1034 ligamenti

284 1061 388 1119 sensus
403 1061 548 1134 variatur,
570 1080 629 1139 quo
649 1060 761 1139 pendet
780 1079 818 1118 ex
833 1060 904 1119 diva
920 1061 1043 1137 origine.
1072 1060 1124 1116 Ira
1137 1078 1209 1118 vero
1224 1061 1337 1137 pariter
1351 1060 1402 1117 du·

281 1162 354 1241 plici
368 1161 419 1220 via
434 1163 533 1220 animo
550 1162 739 1240 inspergitur,
755 1162 868 1240 quippe
883 1181 960 1240 quae
974 1169 1027 1220 aut
1040 1161 1156 1239 peracti
1170 1160 1273 1219 delicti
1287 1165 1403 1236 rubram

281 1263 394 1322 nutriat
418 1271 508 1346 atque
532 1264 662 1321 concitet
685 1243 818 1336 dolores,
845 1271 898 1320 aut
916 1264 1099 1322 irritamenta
1119 1264 1278 1320 minitantis
1295 1265 1404 1321 stimuli

282 1365 390 1424 acerba
410 1371 549 1443 torqueat
564 1383 631 1422 cum
645 1365 799 1423 violentia.
832 1363 968 1438 Quatuor
988 1363 1059 1421 inde
1080 1364 1279 1422 caerimoniae
1298 1363 1402 1422 formis

281 1467 454 1524 universum
469 1485 487 1524 a
502 1466 588 1525 Mose
604 1466 791 1525 sacrificandi
808 1466 919 1524 cultum
935 1463 1147 1544 comprehendi
1155 1464 1301 1524 videmus.
1325 1464 1403 1524 Sunt

282 1569 360 1628 enim
380 1567 526 1626 sacrificia
547 1576 598 1625 aut
617 1569 712 1627 solida
735 1575 787 1626 aut
805 1569 951 1625 salutaria
973 1573 1025 1624 aut
1043 1567 1177 1645 piacula,
1208 1587 1286 1647 quae
1312 1567 1401 1626 modo

276 1686 335 1747 pro
349 1679 445 1742 reatu,
460 1669 549 1728 modo
561 1690 620 1746 pro
630 1680 750 1746 peccato
766 1670 899 1727 litantur.

365 1771 482 1830 Tamen
497 1771 630 1829 nondum
643 1772 686 1829 ita
700 1771 836 1830 videmur
852 1779 945 1828 totam
954 1770 1104 1843 victimae,
1120 1790 1199 1848 quae
1209 1770 1301 1828 saeris
1315 1789 1400 1850 prae-

244 1911 246 1920 ι
281 1872 427 1944 stabatur,
447 1873 564 1952 copiam
585 1871 767 1938 exhausisse.
800 1873 882 1930 Ante
897 1873 998 1929 omnia
1012 1872 1073 1930 illis
1085 1875 1172 1945 ferta
1187 1871 1356 1930 adiicienda
1371 1879 1401 1930 et

280 1975 431 2045 libamina,
455 1973 562 2052 quibus
579 1974 720 2032 transitus
735 1973 837 2049 figitur
851 1973 889 2031 ab
905 1973 1058 2032 oblatione
1074 1973 1113 2031 ad
1127 1973 1315 2032 sacrificium.
1337 1974 1400 2032 Ho-

279 2093 344 2133 rum
359 2095 479 2154 quoque
494 2075 554 2132 iam
570 2075 678 2132 claruit
692 2074 778 2132 nobis
794 2074 920 2147 indoles,
935 2075 1091 2133 materiem
1106 2095 1198 2152 quum
1212 2077 1399 2153 perspexeri-

239 2235 243 2243 ,
278 2196 353 2234 mue.
376 2177 515 2255 Namque
530 2177 641 2234 victum
653 2197 739 2255 quern
757 2175 885 2234 offerunt
901 2196 1039 2252 agrorum
1054 2176 1190 2253 frugibus
1201 2184 1400 2234 sustentatum

279 2276 376 2336 eidem
391 2277 529 2355 infligunt
543 2278 690 2354 religioni,
706 2298 796 2356 quem
810 2277 943 2356 pecudes
959 2284 1103 2350 sternunt,
1118 2285 1152 2335 ut
1160 2271 1329 2336 differentia
1338 2299 1400 2336 non

278 2379 392 2436 tamin
415 2398 505 2436 causa
527 2379 636 2456 figatur
659 2399 749 2458 quarn
770 2379 916 2436 litationis
939 2379 1032 2457 ipsius
1059 2378 1090 2436 in
1113 2378 1218 2457 effigie.
1241 2415 1284 2422 -—
1305 2380 1400 2439 Aliud

279 2479 437 2539 discrimen
452 2479 594 2553 diversis,
619 2481 726 2560 quibus
747 2480 895 2539 sacrificia
914 2479 1118 2553 immolantur,
1142 2467 1217 2540 locis
1231 2489 1330 2540 satum
1345 2490 1398 2541 est.

276 2581 531 2660 Distinguendum
552 2590 598 2640 est
618 2583 696 2640 enim
716 2584 794 2641 inter
814 2581 894 2640 dona
913 2583 1055 2641 vestibuli
1074 2590 1105 2642 et
1119 2585 1250 2641 sacrarii.
1283 2582 1400 2642 Coeunt

277 2703 349 2742 vero
365 2683 420 2741 ille
434 2684 465 2740 in
479 2685 645 2756 suffimentis
660 2693 784 2743 auratae
799 2686 947 2743 interioris
963 2684 1080 2743 delubri
1096 2704 1166 2742 arae
1179 2687 1397 2762 superstructis,

278 2805 355 2864 quae
372 2785 566 2844 sacerdotalis
580 2787 686 2864 populi
702 2806 740 2844 ex
753 2787 818 2844 istis
830 2794 976 2844 terrarum
988 2785 1103 2843 vicibus
1118 2794 1288 2864 exemptam
1297 2786 1397 2844 adum-

278 2885 366 2944 brant
381 2886 590 2946 conditionem.

363 2988 472 3048 Omnia
486 2988 563 3047 haec
577 2987 751 3047 discrimina
766 2989 791 3046 si
806 2987 867 3046 iam
878 3007 939 3046 uno
954 2987 1061 3048 obtutu
1073 2988 1200 3067 figimus,
1215 2990 1290 3048 haec
1306 2991 1399 3047 oritur

277 3109 369 3148 senes
379 3111 385 3146 z

793 3177 885 3234 Dona

443 3291 620 3352 Oblationes
1069 3293 1223 3351 Sacrificio

928 3411 1008 3469 Atrii
1225 3412 1355 3471 Sacrarii

736 3523 784 3548 ι.)

273 3563 373 3622 Panes
389 3563 420 3620 in
435 3563 553 3640 tugurio
582 3523 768 3623 ffiadibm
791 3538 913 3590 menta
1083 3531 1182 3589 farrea

316 3665 470 3743 propositi.
601 3665 743 3724 decimae.

782 3789 837 3847 pro
852 3776 939 3827 reatu
974 3768 1072 3828 solida
1115 3770 1193 3828 ferta

274 3849 407 3927 Frugum
421 3852 520 3930 primi·
580 3851 766 3912 Animalium

316 3953 385 4010 tiae.
567 3955 775 4034 primogenito.

781 4060 835 4118 pro
851 4061 918 4119 pec·
964 4043 1074 4100 saluta·
1118 4041 1192 4100 liba-

818 4150 886 4200 cato
993 4145 1038 4201 ria
1111 4146 1193 4203 mina

1212 3905 1395 3966 Suffimenta.

273 4222 557 4300 Frugumdecimae.
591 4224 756 4323 Hominum

584 4310 673 4388 primr
687 4318 769 4369 natu.
