3434 5067
788 425 914 500 -ss
959 474 1000 482 -·
1064 426 1068 435 ’

418 607 604 670 Sternuntur
623 617 725 670 autem
746 607 786 668 ad
805 609 1022 669 instaurandas
1043 610 1165 691 epulas,
1190 611 1300 691 quibus
1316 612 1453 673 familiae

333 711 535 784 advocantur,
561 720 595 770 ut
614 711 772 788 sanguinis
795 712 1007 771 communione
1024 712 1163 772 datorum
1179 714 1318 792 auspicia
1333 723 1453 775 sancto-

269 834 272 842 *
332 833 398 873 rum
412 834 470 894 per
484 833 600 890 genera
615 813 823 872 traducantur.
850 813 953 873 Locus
968 813 1021 872 ubi
1038 812 1220 874 accumbant
1232 836 1294 874 non
1310 817 1454 875 statuitur

332 915 412 976 inter
426 916 496 994 ipsa
511 914 637 974 sacrarii
651 913 768 987 limina,
785 914 841 974 sed
857 915 950 974 omini
966 914 1118 975 satisfecit
1130 917 1263 996 spatium
1279 937 1298 975 a
1311 918 1451 997 profanis

332 1016 474 1076 sordibus
489 1036 621 1075 vacuum
637 1024 729 1096 atque
744 1015 870 1076 nudum.
892 1016 973 1075 Nam
986 1037 1083 1076 coena
1097 1037 1159 1076 non
1175 1017 1214 1076 ad
1229 1019 1331 1097 ipsum
1346 1019 1451 1078 altaris

331 1119 534 1177 ministerium
555 1119 704 1198 pertinet,
728 1117 784 1176 sed
808 1119 874 1176 eius
898 1127 1090 1177 sacramenta
1111 1139 1169 1198 per
1190 1120 1286 1178 vitam
1311 1120 1451 1198 dissipat.

333 1217 436 1293 Quare
452 1219 483 1278 in
499 1219 659 1279 sacrificiis
676 1219 787 1279 festam
802 1219 1011 1278 Pentecosten
1026 1219 1209 1280 obeuntibus
1226 1221 1335 1280 aliisve
1350 1221 1451 1302 publi·-

331 1323 374 1381 cis
395 1321 667 1394 immolationibus,
693 1341 772 1401 quae
795 1320 1009 1380 salutariorum
1023 1321 1084 1380 ritu
1099 1322 1187 1394 fiunt,
1211 1342 1334 1381 carnem
1350 1342 1450 1382 sacer-

331 1423 434 1482 dotum
455 1443 524 1482 esse
544 1424 719 1482 universam
742 1423 812 1500 lege
832 1422 911 1481 Lev.
928 1425 982 1494 23,
1005 1425 1045 1482 20
1068 1423 1191 1482 videtur
1204 1425 1332 1496 sanciri,
1357 1430 1451 1504 atque

330 1533 436 1605 aptum
458 1533 505 1584 est
527 1524 639 1598 indoli,
669 1545 729 1605 qua
757 1523 894 1583 divinam
916 1525 1025 1603 populi
1048 1524 1251 1584 substantiam
1274 1525 1450 1586 sacerdotes

330 1626 602 1706 comprehendunt.
632 1627 669 1685 In
690 1626 819 1706 privatis
840 1633 946 1685 contra
964 1627 1087 1689 viscera
1107 1628 1257 1706 exemptis
1280 1635 1404 1705 pectore
1420 1636 1452 1687 ct

329 1749 413 1787 armo
428 1729 467 1787 iis
483 1727 665 1797 redduntur,
688 1729 740 1808 qui
755 1727 888 1786 hostiam
903 1712 1104 1786 adduxerant.
1136 1727 1188 1786 Ad
1202 1728 1300 1786 laetas
1317 1747 1450 1788 assume-

329 1829 404 1889 bant
434 1838 526 1910 atque
556 1829 735 1910 splendidas
764 1849 839 1909 quas
867 1828 940 1887 inde
965 1829 1163 1889 confecerunt
1184 1829 1280 1909 dapes
1305 1831 1449 1890 convivas

329 1932 472 1991 Levitica
492 1932 642 1991 munditie
662 1932 762 1990 lautos
783 1950 823 1990 ex
842 1939 1042 2007 cognatorum
1061 1951 1157 2009 grege
1174 1951 1211 1990 ac
1233 1931 1331 1992 servis
1354 1932 1448 1992 Deut.

329 2037 380 2105 27,
398 2036 426 2092 7.
448 2030 632 2112 Vulgarium
648 2033 720 2094 illae
737 2052 900 2094 coenarum
916 2052 956 2091 ex
972 2032 1080 2092 ordine
1095 2034 1172 2117 ipsis
1186 2035 1363 2113 praeceptis
1380 2054 1448 2094 eve-

327 2135 453 2208 huntur,
471 2137 586 2216 quippe
604 2135 714 2215 quibus
730 2133 911 2213 religiosum
925 2136 1142 2194 nanciscantur
1157 2134 1304 2194 habitum.
1333 2134 1450 2194 Munda

329 2238 377 2296 cui
394 2237 544 2297 accubant
559 2257 679 2311 mensa,
702 2236 808 2296 mundi
824 2237 878 2317 qui
894 2235 1045 2296 accubant
1061 2245 1092 2294 et
1107 2237 1177 2316 ipsi.
1211 2236 1235 2295 J
1237 2235 1352 2296 ehovae
1368 2237 1449 2295 enim

327 2338 428 2398 hostia
444 2346 509 2399 crat
525 2339 652 2412 tradita,
675 2339 817 2399 Jehovae
839 2357 947 2396 carnes
967 2346 999 2396 et
1013 2358 1110 2418 panes
1126 2347 1209 2410 sunt,
1235 2338 1345 2419 quibus
1365 2358 1448 2397 men·

328 2461 393 2500 sam
405 2440 520 2501 habent
533 2449 728 2500 exstructam.
754 2439 813 2499 eui
831 2441 857 2499 si
878 2440 946 2519 quis
958 2441 1170 2520 propinquare
1185 2441 1263 2513 vult,
1281 2441 1367 2520 puris
1385 2461 1448 2499 ma·

325 2541 418 2602 nibus
441 2551 520 2615 esto,
544 2562 737 2623 quocumque
760 2542 846 2601 cocle
869 2549 942 2600 vota
960 2541 1047 2600 lubet
1067 2542 1188 2614 efferre,
1210 2543 1297 2602 locus
1318 2543 1368 2601 fac
1383 2543 1447 2602 idc-

250 2655 257 2670 ·
326 2664 402 2704 neus
422 2646 463 2704 sit
486 2654 570 2704 casto
589 2645 701 2716 nitore,
717 2663 756 2703 ne
772 2643 856 2702 foedi
876 2643 950 2723 quid
970 2643 1115 2702 obveniat
1138 2644 1266 2702 coelesti
1286 2645 1446 2704 sanctioni.

326 2746 406 2806 Nam
424 2747 631 2806 contaminata
646 2745 709 2805 ullo
725 2744 815 2804 modo
831 2743 991 2804 comedere
1003 2745 1102 2804 nefas.
1125 2745 1228 2822 Vulgo
1243 2745 1326 2804 haud
1340 2746 1449 2825 procul

327 2867 345 2906 a
368 2849 484 2926 tugurii
507 2847 623 2907 foribus
648 2847 745 2926 dapes
768 2848 863 2908 Deut.
886 2849 938 2919 12,
961 2849 1010 2920 17,
1038 2847 1124 2906 cuius
1146 2847 1262 2906 vicinia
1285 2847 1447 2927 epulantes

326 2949 512 3009 affectabant
541 2968 609 3007 eam
637 2950 912 3036 consecrationem,
948 2968 1040 3028 quam
1066 2950 1148 3010 omni
1175 2949 1259 3008 vitae
1293 2948 1448 3008 desiderio

325 3051 473 3111 tenebant
486 3051 666 3130 proiectam.
698 3049 857 3126 Singulari
876 3051 970 3130 plane
986 3056 1100 3109 statuto
1117 3051 1289 3108 accuratius
1305 3069 1447 3109 coercen-

324 3161 383 3212 tur.
406 3154 548 3233 Namque
564 3151 672 3213 eodem
689 3151 739 3211 die
756 3150 911 3210 debebant
925 3150 1001 3222 fieri,
1019 3171 1079 3230 quo
1095 3151 1221 3209 victima
1237 3169 1337 3224 caesa,
1354 3159 1447 3230 atque

326 3254 502 3334 ecquidem
519 3253 735 3334 amplitudine,
756 3261 790 3311 ut
804 3272 861 3332 per
875 3252 964 3311 binos
982 3251 1047 3310 dies
1064 3250 1253 3329 singularum
1269 3270 1377 3310 carnes
1393 3271 1446 3331 pc·

324 3357 406 3415 nitus
423 3355 663 3416 absumerentur.
686 3355 818 3416 Votivae
834 3362 917 3413 certe
933 3360 965 3412 et
976 3353 1167 3413 voluntariae
1180 3352 1308 3431 pecudis
1322 3353 1447 3412 residua

325 3457 364 3516 ad
384 3465 540 3537 posterum
560 3477 649 3516 mane
670 3457 820 3516 reservari
840 3455 965 3514 licebat.
994 3454 1189 3514 Laudativae
1206 3455 1319 3514 eximia
1334 3456 1445 3514 sancti-

324 3560 396 3617 tatis
412 3559 516 3638 spccie
534 3559 732 3636 distinguitur
747 3558 839 3630 ratio,
864 3557 1008 3637 quoniam
1027 3557 1153 3637 propria
1168 3556 1310 3615 Jehovae
1329 3556 1447 3634 pendet

326 3661 457 3738 exlege
482 3680 534 3720 eas
559 3660 736 3732 adversum,
761 3678 840 3740 quae
864 3657 963 3717 libera
985 3656 1116 3716 hominis
1137 3648 1176 3716 ex
1195 3657 1353 3717 voluntate
1375 3680 1445 3738 pro-

324 3760 475 3845 iectae*),
493 3770 523 3822 et
538 3763 700 3824 sanctionis
714 3762 794 3838 legis
812 3760 918 3819 duram
933 3760 977 3818 ita
993 3759 1133 3818 acerbius
1148 3759 1284 3816 inculcat
1295 3768 1445 3820 catenam.

323 3957 466 4015 Michaelis,
479 3957 568 4019 suppl.
580 3973 605 4018 p.
616 3958 690 4006 1615.
704 3957 747 4003 cll.
761 3956 816 4016 Syr.
830 3954 882 4000 »el
900 3955 1048 4001 incurvatus
1060 3957 1101 4000 cst
1113 3940 1289 4032 etQ-ill]
1308 3955 1444 4015 depositio·

323 4055 381 4088 nem
394 4043 432 4089 rei
444 4056 532 4090 sacrae
545 4046 605 4089 ante
616 4043 742 4089 dehoram
755 4044 830 4099 atque
843 4042 927 4089 altare
939 4039 1023 4086 voluit
1035 4051 1092 4086 esse
1104 4044 1188 4088 tituta
1215 4041 1262 4090 Cui
1274 4053 1349 4088 aures
1358 4040 1444 4086 imme·

323 4127 373 4174 rito
385 4126 505 4188 praebuit
516 4128 593 4174 Jahn.
610 4127 687 4174 Arch.
699 4127 745 4173 111.
757 4141 782 4187 p.
796 4128 853 4174 389.

391 4207 412 4270 *)
431 4212 487 4258 Hoc
505 4211 640 4258 discrimen
659 4211 772 4271 deletur,
791 4211 814 4258 si
831 4211 965 4258 consilium
977 4210 1109 4270 statuitur,
1128 4211 1194 4271 quod
1205 4210 1298 4257 Philon
1309 4210 1401 4259 statuit
1412 4210 1444 4256 de

322 4294 383 4344 vict.
395 4311 421 4358 p.
432 4297 480 4343 652
491 4310 519 4345 a:
531 4290 575 4344 ἵνα
586 4293 613 4344 οἱ
623 4290 836 4358 ἐπιτυγχάνοντες
848 4294 956 4362 ἑτοίμων
967 4292 1012 4343 καὶ
1022 4294 1166 4362 προχείρων
1174 4288 1329 4362 εὐεργεσιῶν,
1341 4291 1445 4360 breim
