3434 5067
751 469 962 526 -32-

296 639 400 698 votiva
415 657 451 696 ac
464 635 636 696 voluntaria
650 643 712 694 tam
727 636 835 695 aeriter
850 645 1040 716 opponantur
1057 624 1233 711 laudativis,
1256 643 1290 694 ut
1308 635 1419 695 rituum

296 741 375 799 inter
397 759 433 798 ea
455 738 536 797 haud
558 739 627 796 vilis
650 739 689 796 sit
710 738 920 820 discrepantia.
957 738 1096 799 Jehovae
1118 737 1265 798 beneficia
1287 739 1312 797 si
1329 738 1420 797 ‘firma

297 863 364 901 cum
387 842 590 902 necessitudine
617 840 800 922 compellunt
821 841 903 920 piam
925 840 965 899 ad
990 840 1097 898 altaria
1118 841 1358 915 venerationem,
1385 847 1420 898 ut

297 945 454 1023 delinquat
476 943 610 1022 quisquis
632 941 777 1000 sacrificia
796 942 945 1020 neglexit,
966 941 1100 1019 vulgaris
1114 943 1198 1001 vitae
1217 941 1325 1016 facies,
1347 941 1420 1000 licet

298 1045 402 1104 eadem
423 1044 500 1103 fulta
518 1043 729 1118 beneficentia,
752 1050 853 1102 tamen
873 1042 974 1103 hebeti
994 1040 1178 1102 terrenorum
1194 1043 1282 1101 oculo
1298 1063 1337 1102 ex
1352 1045 1419 1102 libe·

297 1131 358 1206 reli
375 1146 506 1225 refulget
524 1147 646 1226 pietatis
664 1153 747 1203 motu
767 1165 802 1204 ac
822 1145 992 1222 largitione.
1023 1143 1084 1204 sed
1099 1145 1152 1226 qui
1166 1146 1262 1204 saneti
1275 1145 1419 1224 vitaeque
1443 1187 1447 1192 -

298 1249 421 1326 integri,
445 1248 586 1328 quoniam
608 1247 632 1307 J
634 1246 751 1306 ehovah
776 1255 896 1306 sanctus
917 1247 1050 1329 ipsorum
1072 1247 1160 1322 deus,
1181 1247 1203 1304 ii
1222 1246 1369 1327 quidquid
1388 1247 1420 1304 in

297 1357 378 1409 terra
392 1350 487 1423 floret,
504 1348 650 1430 quidquid
665 1349 809 1426 languore
825 1350 995 1422 conteritur,
1012 1356 1115 1407 sancto
1130 1349 1214 1409 illius
1229 1355 1371 1427 repetunt
1382 1368 1420 1410 ex

298 1453 429 1526 numine,
444 1459 478 1512 ut
492 1452 697 1510 Israelitarum
711 1452 808 1510 vietus
823 1471 885 1509 una
898 1451 1031 1530 pendeat
1046 1450 1095 1510 dei
1110 1471 1148 1510 ex
1162 1449 1308 1530 gratia*).
1373 1477 1378 1480 ·

376 1555 445 1613 Hoc
460 1555 557 1634 ipsum
572 1551 804 1632 disputationem
818 1553 949 1612 traducit
964 1552 1003 1611 ad
1016 1554 1109 1611 alium
1120 1552 1270 1633 quendam
1281 1571 1420 1627 errorem,

237 1651 239 1656 ’
298 1676 357 1736 quo
384 1655 523 1735 plerique
548 1655 725 1734 interpretes
752 1655 929 1713 salutarium
955 1654 1013 1714 sibi
1035 1674 1186 1713 sacrorum
1209 1654 1421 1713 obstmxerrmt

298 1766 444 1816 naturam.
482 1758 622 1837 Namque
644 1755 714 1815 inde
736 1756 817 1836 quod
838 1756 888 1815 hic
911 1775 1031 1836 quoque
1051 1757 1194 1835 piationis
1218 1756 1295 1815 illud
1317 1756 1420 1815 velum

299 1860 396 1933 valet,
413 1857 494 1939 quod
509 1878 612 1939 sparso
628 1858 792 1917 hostiarum
808 1859 954 1936 sanguine
968 1857 1118 1916 humanae
1132 1857 1320 1937 protenditur
1333 1865 1419 1916 natu-

298 1982 350 2020 rae
375 1958 460 2041 [Lev.
484 1955 681 2040 7314.33.],
710 1959 928 2038 redintegravit
948 1981 1044 2039 nuper
1067 1961 1220 2040 Kurtz**)
1245 1960 1420 2034 doctrinam,

255 2113 261 2120 .
300 2083 359 2144 qua
379 2069 571 2142 peccatorum
592 2063 687 2122 moles
710 2063 800 2120 etiam
823 2062 974 2121 salutariis
993 2063 1154 2140 infligatur.
1187 2064 1254 2122 Iam
1267 2082 1341 2121 vero
1361 2062 1419 2120 sin-

298 2165 372 2244 gula
386 2170 511 2245 peccata
525 2164 563 2223 iis
577 2183 638 2223 non
653 2164 768 2244 expiari
783 2163 874 2223 facile
888 2183 943 2243 per
958 2182 991 2222 se
1005 2164 1139 2243 patebat.
1161 2164 1236 2223 Ideo
1246 2163 1419 2242 fingendum

249 2333 254 2342 ,
299 2275 364 2326 erat
384 2266 469 2344 regni
492 2265 587 2324 divini
610 2267 739 2340 civibus,
769 2266 994 2345 qualescunque
1022 2265 1165 2325 adversus
1192 2266 1281 2325 deum
1308 2266 1420 2324 versati

301 2376 414 2442 esseut,
438 2369 637 2446 peccatricem
660 2368 831 2427 universam
850 2368 944 2427 fuisse
962 2367 1148 2427 lustrandam
1165 2368 1312 2442 indolem,
1336 2368 1419 2426 cuius

300 2491 339 2530 ex
359 2470 542 2529 conscientia
563 2469 708 2547 prodierit
731 2469 868 2528 stimulus
891 2478 1097 2555 susceptorum
1119 2470 1156 2530 ab
1180 2471 1314 2544 Jehova,
1342 2489 1420 2550 quae

300 2571 350 2631 vel
365 2573 491 2645 instant,
505 2571 557 2630 vel
572 2571 734 2651 aliquando
750 2571 917 2646 instabunt,
936 2574 1053 2649 gratiae
1068 2572 1222 2641 donorum.
1253 2572 1339 2632 Grati
1354 2591 1420 2630 esse

300 2673 392 2731 animi
407 2672 552 2733 sacrificia
567 2673 662 2750 signa,
679 2673 727 2731 cui
740 2673 875 2750 maligna
888 2674 977 2734 turba
988 2675 1136 2754 ,impressa
1148 2675 1187 2734 sit
1200 2673 1270 2732 diva
1283 2672 1420 2733 beneficii

300 2794 357 2854 ope
377 2774 497 2833 uberius
518 2782 709 2852 exaggerata.
744 2774 930 2834 Beneficium
950 2776 1029 2834 enim
1043 2777 1141 2855 ipsum
1156 2776 1307 2835 hominem
1321 2775 1419 2856 prohi-

299 2875 371 2936 bere
387 2877 424 2936 ab
439 2875 568 2936 foederis
584 2897 651 2936 cum
663 2876 719 2936 deo
732 2878 815 2957 pacti
826 2877 934 2952 fructu,
949 2898 1048 2959 neque
1061 2879 1196 2958 superari
1208 2878 1421 2957 impedimenta

299 2979 358 3037 nisi
372 2979 511 3038 restituta
527 2978 720 3038 sacrificando
737 2979 911 3055 concordia,
935 2982 1019 3039 cuius
1039 2981 1148 3061 epulae
1168 2987 1287 3040 exstent
1307 2987 1421 3036 certum

299 3081 408 3160 pignus
429 3087 520 3161 atque
539 3081 700 3159 religatum
720 3082 758 3141 ab
773 3083 961 3141 aeternitate.
976 3117 1019 3125 —
1040 3084 1106 3142 Nos
1120 3103 1181 3140 non
1195 3082 1216 3139 ii
1231 3098 1344 3150 sumus,
1368 3080 1420 3157 qui

300 3190 491 3264 peccatorum
510 3190 659 3243 tormenta
678 3184 789 3244 alicubi
802 3185 1008 3244 Israelitanrm
1027 3204 1065 3243 ex
1079 3183 1184 3242 habitu
1202 3199 1419 3238 removeamus.

300 3285 477 3344 Hostiarum
497 3305 569 3346 sane
589 3287 620 3345 in
640 3307 742 3346 cruore
761 3287 868 3345 horum
888 3286 1005 3344 stillant
1022 3284 1148 3364 limpida
1162 3282 1330 3342 simulacra.
1359 3282 1419 3340 Ta-

300 3407 370 3446 men
383 3406 547 3467 numquam
561 3389 715 3467 religionis
730 3388 917 3448 Israeliticae
933 3387 1128 3447 castimoniae
1142 3386 1283 3445 solatium
1296 3385 1420 3466 praebe-

301 3496 350 3548 tur
371 3497 462 3569 atque
485 3491 626 3569 piationis
650 3491 794 3550 auxilium
814 3510 870 3549 sua
888 3490 1056 3551 debitorum
1075 3489 1233 3549 solutione.
1265 3487 1326 3547 Sed
1345 3487 1421 3546 haec
1453 3475 1456 3479 ¹

300 3590 474 3668 redundant
493 3594 626 3670 gratiosa
640 3593 663 3653 J
665 3593 780 3652 ehovae
801 3611 902 3651 rursus
922 3613 960 3652 ex
980 3591 1183 3651 misericordia
1201 3611 1237 3650 ac
1252 3590 1420 3650 clementia.

248 3703 250 3707 '
303 3691 336 3752 Si
359 3694 431 3774 quid
454 3714 524 3772 ergo
547 3695 597 3754 hic
621 3695 770 3774 expiatur,
794 3694 849 3752 illa
871 3696 949 3753 inest
967 3695 998 3752 in
1018 3694 1219 3768 confessione,
1242 3713 1303 3772 qua
1321 3691 1420 3752 Jacob

303 3795 379 3856 Gen.
395 3798 450 3870 32,
468 3800 507 3856 10
532 3797 702 3857 inferiorem
718 3816 750 3855 se
765 3795 892 3855 affirmat
907 3799 987 3856 omni
1001 3797 1024 3857 J
1025 3797 1141 3857 ehovae
1159 3794 1294 3855 bonitate
1310 3803 1340 3854 et
1353 3815 1419 3872 gra-

305 3958 501 3967 -η--α

370 4061 393 4130 ‘l
407 4067 526 4115 Ceterum
538 4068 580 4127 qui
593 4069 737 4116 conferatur
748 4069 790 4117 hic
802 4069 908 4120 idoneus
919 4070 1088 4130 Porphyrius,
1108 4069 1140 4117 de
1152 4068 1252 4116 abstin-
1263 4068 1301 4127 11,
1318 4070 1358 4128 25,
1376 4067 1421 4115 ubi

302 4155 351 4202 sit:
368 4151 444 4218 τριῶν
455 4148 527 4200 ἕνεκα
538 4153 635 4202 θυτέον
646 4157 700 4208 τοῖς
712 4157 799 4208 θεοῖς·
817 4145 833 4219 ἢ
844 4151 896 4221 γὰρ
909 4150 953 4203 dcci
963 4150 1039 4220 τιμὴν
1043 4189 1052 4216 ‚
1063 4145 1080 4217 ἢ
1092 4149 1137 4202 διὰ
1145 4149 1236 4218 χάριν,
1248 4144 1264 4215 ἢ
1276 4146 1322 4200 διὰ
1330 4153 1422 4217 χρείαν

301 4237 353 4288 τῶν
363 4232 483 4297 ἀγαθῶν.

353 4317 391 4385 “l
405 4324 423 4369 l.
436 4325 453 4369 l.
465 4339 490 4383 p.
502 4323 553 4370 ‘1³0
565 4336 619 4384 sqq.
