3434 5067
741 540 1019 609 --ee-‘

287 716 394 800 (ΤΙὮἯ
410 716 485 801 ΡἸΌ)
507 717 716 778 sacerdotibus
737 718 909 778 tribuantur
928 718 1087 779 advocatis
1107 713 1232 778 familiis
1246 717 1359 778 mundo
1375 720 1409 780 in

285 819 353 879 loco
371 819 561 879 comedenda
574 820 651 880 Lev.
670 824 717 894 10,
736 823 785 881 14.
820 821 909 896 Quae
923 829 1054 894 restant,
1078 821 1270 880 offerentium
1284 840 1407 881 mensas

287 921 447 981 adornant.

370 1023 526 1082 Peculiari
542 1023 596 1082 illa
613 1025 797 1084 caerimonia
812 1024 1028 1100 insigniuntur.
1058 1023 1138 1082 Nam
1154 1023 1298 1082 sacerdos
1315 1022 1408 1082 allata

287 1124 346 1183 sibi
369 1124 463 1183 habet
486 1125 634 1203 agitanda
654 1147 690 1184 ac
712 1125 849 1184 tollenda
872 1123 958 1207 [abitt
973 1134 1004 1185 et
1018 1122 1124 1204 nitri}
1157 1125 1247 1184 Ritus
1267 1134 1408 1184 naturam
1478 1110 1486 1114 ”
1595 1158 1598 1177 ι

228 1271 233 1280 .
285 1228 318 1285 in
332 1227 508 1306 praeceptis
542 1227 688 1286 Mosaicis
713 1248 773 1286 non
794 1236 899 1287 curate
920 1226 1077 1300 docemur,
1100 1235 1134 1286 ut
1154 1247 1216 1286 non
1234 1227 1329 1286 liceat
1347 1227 1408 1285 nisi

285 1328 470 1388 Iudaeorum
486 1347 526 1386 ex
539 1327 756 1387 traditionibus
772 1348 841 1387 eam
856 1329 1039 1392 illuminare.
1063 1329 1173 1408 Neque
1188 1329 1267 1387 istae
1284 1327 1408 1408 quidem

287 1431 361 1489 satis
383 1431 497 1489 firmae.
533 1430 652 1509 Imponi
678 1438 764 1489 secta
788 1431 981 1489 offerentium
1001 1430 1142 1490 manibus
1162 1431 1357 1490 consentiunt
1378 1438 1408 1489 et

286 1531 333 1590 his
358 1530 467 1592 subiici
490 1531 659 1590 sacerdotis
682 1553 814 1590 manum.
850 1532 918 1590 Iam
937 1552 1011 1592 vero
1031 1532 1085 1591 alii
1105 1540 1207 1591 actum
1226 1531 1408 1592 adumbrant

287 1634 344 1704 ita,
360 1641 394 1690 ut
408 1653 547 1712 prorsum
564 1640 595 1691 et
610 1640 788 1705 retrorsum,
811 1653 930 1692 sursum
946 1640 977 1691 ct
991 1632 1133 1692 deorsum
1148 1642 1339 1706 moveantur,
1356 1633 1408 1713 qui

287 1739 400 1798 urrini
419 1724 509 1810 abra
525 1741 626 1797 arnna
641 1724 736 1811 rabin
756 1735 946 1794 sacerdotem
968 1734 1085 1808 areant,
1110 1734 1163 1794 alii
1181 1741 1408 1798 masmanna

288 1835 326 1894 ad
343 1845 473 1915 quatuor
488 1837 593 1898 mundi
608 1837 718 1917 plagas
733 1844 856 1896 vertunt
863 1835 905 1915 ³¹⁸).
931 1834 1032 1910 Quam
1045 1836 1084 1896 ob
1097 1857 1162 1896 rem
1175 1838 1274 1917 qualis
1287 1857 1321 1896 re
1333 1856 1408 1896 vera

287 1939 380 1998 fuerit
400 1938 519 1997 definiri
541 1939 651 1997 certius
671 1939 786 2018 nequit.
817 1938 882 1997 Sed
898 1959 990 2018 quum
1005 1939 1065 2017 ipsi
1081 1939 1137 2012 illi,
1154 1940 1205 2019 qui
1220 1942 1315 1999 motui
1331 1939 1407 1998 dnos

288 2048 424 2099 statuunt
442 2041 588 2098 terminos
612 2040 743 2119 perinde
764 2049 857 2119 atque
879 2040 1058 2112 sublationi‚
1080 2049 1254 2120 respectum
1273 2040 1409 2100 habeant

287 2141 392 2227 ⁴pauidi
408 2137 582 2222 plagarum,
603 2141 712 2219 religio
727 2141 810 2201 baud
826 2141 919 2200 dubie
934 2141 1006 2200 talis
1022 2149 1102 2215 erat,
1126 2163 1187 2222 qua
1203 2142 1407 2203 caerimoniae

289 2243 520 2323 qualiscumque
537 2243 655 2301 fuitvis
672 2243 703 2302 in
718 2245 895 2302 universum
912 2242 1067 2302 dilatatur.
1091 2243 1143 2303 Sic
1157 2245 1194 2303 R.
1210 2243 1330 2305 Bekhai
1346 2244 1405 2302 ait:

275 2335 346 2406 aab
370 2349 482 2411 rursm
509 2335 600 2408 abra
629 2333 814 2408 abu-nturi
841 2350 939 2407 nrm-i
953 2350 1083 2416 ,aaran
1106 2334 1165 2408 aab
1187 2353 1291 2408 sanna
1311 2333 1407 2423 urben

288 2435 440 2529 iturust
456 2451 608 2509 neuneu.
673 2493 675 2500 ,

370 2549 460 2607 Ritus
481 2549 578 2606 forma
599 2547 742 2606 cohaeret
762 2568 829 2606 cum
850 2556 1001 2608 sectorum
1021 2558 1143 2623 natura,
1167 2548 1277 2629 quibus
1296 2567 1406 2628 perpe-

287 2657 392 2708 tratur.
430 2653 534 2708 Pectus
555 2649 649 2726 igitur
676 2657 706 2708 ct
729 2652 829 2708 denter
851 2671 951 2709 omaus
979 2651 1053 2730 qnid
1076 2650 1311 2710 sacerdotibus?
1345 2650 1407 2709 Vix

287 2750 375 2809 multi
391 2757 491 2822 erunt,
509 2750 617 2831 quibus
634 2751 710 2810 nibil
727 2771 795 2810 eum
811 2751 933 2813 Clerico
948 2753 989 2811 sit
1004 2752 1086 2832 quod
1100 2751 1321 2831 respondeant,
1346 2752 1406 2810 nisi

288 2851 416 2930 perinde
436 2851 560 2931 quidem
580 2853 689 2924 fuisse,
713 2853 739 2911 si
755 2873 804 2912 res
820 2854 853 2913 in
870 2873 903 2912 se
919 2862 1088 2934 spectetur,
1113 2853 1169 2912 sed
1190 2874 1282 2935 quum
1302 2852 1407 2932 aliqua

286 2973 359 3032 pars
381 2952 491 3012 cedere
514 2953 641 3013 deberet
664 2953 830 3029 sacerdoti,
852 2955 931 3013 haec
954 2976 1009 3035 pro
1032 2956 1137 3029 libitu,
1161 2975 1240 3035 quae
1262 2977 1324 3014 non
1346 2956 1406 3013 sint

288 3054 476 3134 spernenda,
500 3077 518 3114 a
538 3055 734 3133 legislatore
756 3075 824 3115 csse
845 3056 980 3116 definita.
1017 3057 1119 3117 Huius
1141 3059 1222 3116 enim
1242 3056 1405 3115 arbitratus

287 3175 508 3237 usquequaque
525 3157 629 3217 divina
644 3166 766 3218 tenetur
782 3165 875 3239 atque
890 3147 1025 3218 bumana
1038 3159 1233 3219 necessitate.
1265 3155 1405 3216 Celerius

287 3260 318 3318 ni
339 3258 430 3317 fallor
449 3258 636 3332 iudicarunt,
663 3261 714 3339 qui
735 3259 807 3319 inde
825 3259 905 3339 quod
926 3261 982 3319 Ea.
1000 3263 1054 3334 24,
1070 3262 1090 3319 4
1109 3260 1189 3318 latus
1213 3266 1243 3317 et
1261 3258 1405 3318 humerus

288 3358 379 3444 (tqml
395 3360 463 3439 Tb)
485 3361 525 3419 ad
543 3361 625 3420 bona
644 3362 742 3421 frusta
762 3359 835 3439 (nte
851 3367 914 3424 un:
928 3350 977 3440 53)
998 3363 1184 3432 referuntur,
1210 3360 1291 3440 quod
1311 3361 1404 3420 Saule

241 3513 249 3522 .
288 3467 304 3522 1
323 3462 405 3522 Sam.
423 3465 450 3533 9,
468 3465 507 3520 24
526 3464 709 3543 proponitur
728 3463 906 3524 honorando
927 3483 1028 3522 armus
1049 3461 1176 3545 (piton),
1198 3462 1279 3542 quod
1299 3462 1405 3522 bodie-

287 3584 347 3645 que
369 3562 523 3623 Arabibus
545 3565 578 3623 in
601 3565 720 3623 deliciis
748 3563 872 3644 est**),
900 3565 1078 3624 dulcissima
1100 3585 1254 3624 sacrorum
1276 3564 1405 3624 antistiti

288 3666 419 3746 cupedia
434 3665 513 3724 tradi
529 3665 780 3746 opinantur***).
809 3665 1024 3744 Neglexerunt
1047 3667 1128 3725 enim
1148 3686 1249 3746 neque
1266 3666 1405 3726 dextram

287 3769 411 3827 sinistra
431 3767 598 3828 dulciorem
619 3787 686 3826 esse
708 3767 840 3840 clunem,
867 3776 897 3827 et
915 3768 1002 3827 vario
1026 3768 1086 3828 ritu
1113 3767 1262 3846 distingui
1281 3767 1404 3842 tradita,

288 3871 336 3930 cui
352 3871 384 3928 in
400 3869 598 3948 cupediorum
616 3869 769 3947 exquisito
785 3869 907 3929 stimulo
922 3889 997 3929 ansa
1008 3870 1103 3931 nulla.
1129 3871 1240 3951 Itaque
1255 3870 1288 3930 in
1299 3869 1406 3929 nativa

288 3995 408 4004 ...ι-*η
416 3996 429 4002 -
435 3997 493 4002 .-.-

371 4052 392 4114 *l
405 4055 518 4114 Quatuor
534 4055 592 4102 ideo
604 4060 686 4103 motus
699 4056 834 4116 agitationi
844 4058 987 4106 vindicavit
998 4058 1120 4120 witonus,
1135 4059 1207 4106 Misc.
1222 4074 1249 4119 p.
1262 4059 1324 4117 502,
1342 4058 1404 4106 duos

285 4140 393 4201 Reland,
406 4141 476 4187 Antt.
489 4155 554 4186 sacr.
566 4141 616 4199 111,
631 4144 653 4199 1,
668 4144 706 4189 17.

354 4220 388 4282 ”l
401 4239 426 4268 v.
437 4225 627 4283 Rosenmiillor‚
640 4227 765 4285 Morgenl.
776 4228 822 4274 111.
834 4243 859 4288 p.
873 4230 914 4275 84.

337 4301 386 4366 ***)
403 4307 488 4353 Baohr
509 4309 527 4354 l.
540 4309 558 4353 l.
578 4323 604 4369 p.
618 4312 674 4358 372.
708 4311 867 4358 Sacerdotali
887 4326 948 4359 sanc
967 4313 1062 4374 populo
1084 4316 1168 4361 terrac
1189 4313 1288 4373 opimae
1310 4313 1405 4371 fruges.

286 4388 340 4434 Jes.
354 4389 398 4448 25,
412 4391 435 4435 6.
