3434 5067
770 527 984 588 „45-

315 695 475 758 historiam
490 695 667 772 lustramus,
687 695 731 758 ‘ad
751 696 945 756 initiamenta
959 697 1018 756 rite
1032 695 1241 777 perpetranda
1260 695 1320 757 Ex.
1337 699 1390 773 24,
1407 699 1437 759 5.

317 802 335 860 2
350 797 433 859 Sam.
447 799 475 873 6,
490 801 539 858 18.
557 802 573 859 1
587 800 666 877 Reg.
679 801 708 874 8,
722 801 771 859 63.
789 797 927 861 1Makk.
940 800 969 875 4,
984 801 1034 873 56,
1051 799 1091 858 ad
1106 799 1195 877 regni
1209 797 1293 858 laeta
1308 800 1439 878 auguria

318 899 487 976 1811111,
502 902 551 976 15,
568 900 607 960 ad
623 909 767 980 suscepta
781 901 922 980 pericula
938 909 969 960 et
982 899 1135 981 perducta
1149 900 1273 960 felicem
1289 901 1329 960 ad
1345 921 1436 961 even·

315 1011 379 1062 tum
399 1002 559 1077 1111127,
577 1005 605 1062 7.
628 1001 651 1062 J
653 1023 696 1062 os.
713 1005 746 1078 8,
763 1004 817 1076 31,
842 1001 883 1062 ad
901 1021 1033 1062 messem
1053 1001 1218 1062 clementer
1238 1003 1341 1061 datam
1359 1003 1436 1062 Lev.

317 1107 441 1179 23,19,
466 1103 506 1162 ad
522 1105 623 1164 omnia
644 1104 727 1163 bona
747 1112 781 1163 ut
800 1103 1000 1183 absolvantur
1019 1104 1171 1164 accedunt
1192 1105 1252 1162 ista
1274 1105 1437 1164 sacrificia.

317 1205 453 1266 Gratiosi
473 1214 575 1265 autem
594 1204 617 1265 J
619 1205 737 1265 chorae
761 1205 895 1265 numinis
918 1211 982 1265 'non
1000 1205 1091 1264 rebus
1110 1205 1268 1285 prosperis
1289 1207 1387 1265 solum
1407 1215 1438 1266 ct

316 1307 460 1367 secundis
481 1327 535 1366 suo
554 1307 670 1388 populo
692 1307 879 1384 expanditur
897 1308 995 1381 salus,
1018 1306 1073 1367 sed
1093 1307 1126 1366 in
1145 1329 1252 1385 aspera
1268 1297 1390 1389 quoque
1406 1316 1438 1366 et

315 1412 440 1468 adversa
460 1410 553 1468 sentit
569 1417 650 1469 sorte
667 1409 785 1468 aeterni
800 1407 961 1468 beneficia.
1001 1408 1078 1468 Ideo
1095 1409 1274 1468 salutarium
1293 1410 1353 1468 ritu
1367 1409 1437 1469 Iud.

315 1513 365 1585 20,
382 1513 431 1574 26.
449 1515 498 1584 21,
515 1512 535 1570 4
551 1511 643 1569 etiam
658 1511 689 1568 in
704 1510 837 1590 publicis
854 1510 1079 1569 calamitatibus
1096 1510 1196 1568 offerri
1213 1519 1328 1591 queunt
1343 1512 1437 1570 sacri-

265 1631 267 1638 *
314 1607 436 1694 ficiat).
474 1613 577 1676 Duras
598 1613 679 1670 enim
699 1618 800 1672 terrae
820 1632 877 1692 per
895 1612 980 1671 vices
1000 1619 1086 1670 casta
1105 1611 1321 1671 Israelitarum-
1335 1613 1436 1692 pietas

316 1715 440 1793 excepit
461 1712 602 1774 Jehovae
626 1714 766 1791 gratiam.
796 1713 879 1774 Victi
904 1712 1029 1792 quidem
1052 1719 1123 1771 sunt
1145 1712 1195 1771 dei
1215 1713 1338 1772 milites.
1374 1713 1437 1773 Sed

192 1841 195 1844 ·
257 1883 263 1888 ,
315 1813 339 1874 J
340 1815 456 1874 ehovae
474 1816 633 1875 consilium
650 1815 689 1874 ad
704 1813 854 1895 proelium
870 1815 1026 1894 expetitur
1045 1821 1077 1872 et
1097 1813 1186 1872 datur
1205 1835 1234 1872 v.
1252 1818 1305 1888 28,
1322 1823 1353 1873 11
1367 1816 1435 1895 ipso

316 1917 420 1994 gladio
437 1925 567 1976 testatur
582 1918 712 1995 gratiam
727 1938 756 1976 v.
767 1919 817 1976 35.
844 1917 888 1974 Et
899 1917 930 1974 in
944 1915 1028 1974 luctu
1041 1935 1162 1995 quoque
1174 1915 1315 1974 interitus
1324 1916 1436 1975 Benia-

314 2020 489 2079 minitarum
508 2020 656 2080 victoriae
674 2018 803 2078 dulcedo
820 2017 860 2076 ad
876 2018 996 2096 gratiae
1012 2037 1120 2076 sensus
1137 2019 1286 2076 evocavit.
1316 2018 1436 2095 Plagae

315 2123 473 2181 tormentis
500 2122 708 2194 contristatus,
736 2141 796 2199 qua
819 2120 968 2200 populum
993 2119 1138 2178 affecerat
1158 2118 1240 2196 regis
1261 2118 1436 2194 insolentia,

317 2225 368 2304 qui
387 2223 491 2282 David
515 2231 597 2282 esset
617 2221 729 2282 oblitus
753 2222 851 2280 almae
872 2241 993 2295 manus,
1018 2221 1066 2280 cui
1087 2221 1147 2300 ipsi
1168 2221 1289 2280 dolores
1305 2221 1437 2280 fundunt

315 2321 580 2384 misericordiam?
604 2328 621 2383 2
639 2323 721 2384 Sam.
738 2325 788 2397 24,
805 2324 855 2383 25.

399 2427 471 2485 Νο1
486 2425 653 2484 offeruntur
668 2425 815 2484 salutaria
831 2425 983 2484 sacrificia
997 2445 1053 2503 per
1068 2443 1115 2498 se,
1136 2423 1190 2483 sed
1207 2424 1263 2498 ita,
1279 2432 1313 2483 ut
1328 2425 1436 2484 solidis

317 2527 521 2586 adstruantur.
555 2527 614 2584 Ex.
631 2528 685 2598 20,
702 2526 752 2584 24.
776 2527 829 2600 24,
846 2527 875 2584 5.
898 2527 948 2599 32,
965 2527 993 2584 6.
1016 2525 1083 2585 Jos.
1101 2528 1133 2600 8,
1149 2528 1199 2585 31.
1222 2525 1297 2584 Jud.
1315 2530 1369 2600 20,
1385 2529 1435 2586 26.

317 2633 333 2687 1
352 2629 434 2689 Sam.
452 2631 501 2704 10,
514 2630 546 2687 8.
564 2629 613 2700 13,
632 2628 660 2685 9.
684 2628 701 2683 2
720 2625 831 2686 011111.
849 2627 899 2700 31,
916 2629 945 2684 2.
970 2629 985 2684 1
1003 2626 1101 2686 Maec.
1118 2629 1147 2700 4,
1164 2630 1214 2686 56.
1244 2627 1324 2685 Nam
1339 2626 1436 2686 Jeho-

315 2751 374 2793 vae
394 2738 532 2790 sanctam
554 2728 777 2806 benignitatem
800 2747 863 2785 non
884 2735 987 2806 potest
1006 2746 1079 2787 vere
1101 2727 1271 2803 celebrare,
1298 2729 1358 2788 nisi
1384 2729 1436 2808 qui

315 2842 410 2893 totum
427 2852 460 2891 se
474 2831 498 2890 J
500 2832 616 2890 ehovae
632 2829 786 2888 maiestati
803 2829 933 2888 dederit.
956 2827 979 2888 J
981 2828 1097 2887 ehovae
1114 2830 1244 2906 gratiam
1259 2851 1320 2889 non
1334 2837 1437 2908 potest

316 2935 445 3007 sentire,
466 2933 525 2991 nisi
547 2941 670 2990 aeterno
692 2951 725 2990 se
747 2931 799 3011 qui
821 2931 939 2990 foederi
956 2931 1097 2990 adactum
1113 2939 1252 2990 testatur.
1283 2930 1372 3004 Quae
1387 2951 1435 2990 re·

316 3033 448 3115 quiescit
468 3034 501 3092 in
520 3033 577 3092 dee
598 3032 710 3109 religio
733 3040 873 3091 aeternos
894 3032 1001 3090 salutis
1021 3033 1158 3091 tramites
1178 3032 1261 3092 laeta
1281 3033 1436 3110 signatae

315 3137 396 3196 festa
411 3135 607 3196 verecundia.

368 3319 389 3382 *1
402 3323 493 3368 Mirum
504 3325 555 3380 est,
568 3325 661 3380 quanto
671 3335 747 3382 opere
757 3321 820 3368 haec
829 3333 903 3368 sacra
912 3320 1068 3380 interpretes
1078 3321 1256 3367 cruciaverint.
1273 3321 1434 3383 Ineptissime

318 3407 692 3467 Gramberg,1teligionsideen
706 3407 751 3453 des
763 3406 793 3452 A.
807 3406 835 3452 T.
853 3407 874 3453 1.
890 3420 916 3465 p.
930 3408 986 3454 107.
1000 3397 1130 3452 cont'endit
1143 3393 1289 3466 antiquitati
1302 3410 1434 3453 1111111-

317 3493 376 3538 dum
393 3492 537 3538 discrimine
549 3493 615 3538 hunc
627 3493 703 3538 ritum
715 3491 863 3539 distinctum
875 3492 961 3537 fuisse.
986 3490 1033 3538 011
1045 3492 1181 3538 adversum
1194 3494 1217 3538 si
1228 3490 1435 3554 Hengstenberg,

316 3577 397 3623 Beitr.
410 3577 457 3623 111.
472 3591 498 3636 p.
512 3579 543 3624 85
556 3591 610 3636 sqq.
628 3577 701 3623 caedi
718 3577 793 3623 docet
808 3576 933 3622 sacrificia
949 3575 982 3622 ob
995 3575 1260 3635 praetermeantem,
1278 3578 1327 3622 tali
1338 3572 1434 3624 iudicio

317 3661 437 3709 assentiri
446 3674 551 3720 nequeo.
564 3661 724 3712 Adversatur
733 3662 800 3708 enim
809 3660 926 3721 lugubris
939 3675 1002 3720 quae
1014 3661 1114 3707 accedit
1125 3662 1273 3708 lamentatio
1286 3667 1312 3708 11
1324 3663 1435 3708 necessi·

317 3751 357 3794 tas
369 3747 483 3806 omniuo,
496 3760 551 3812 qua,
557 3746 696 3806 religiones
709 3746 814 3806 exprimi
827 3747 901 3806 signo
912 3760 962 3792 non
973 3750 1088 3807 possunt,
1101 3761 1165 3804 quae
1177 3761 1227 3793 non
1239 3761 1330 3793 revera
1342 3747 1435 3793 adsunt

316 3831 376 3880 iam.
400 3832 496 3880 Salutis
510 3831 593 3892 gloria
606 3831 648 3890 qui
661 3843 710 3878 non
723 3832 844 3890 suffusus,
856 3832 904 3878 1111
915 3845 962 3891 pro
975 3833 1057 3878 salute
1070 3845 1120 3877 non
1132 3831 1266 3878 sacrificat.
1291 3833 1347 3877 Non
1359 3845 1434 3889 quae-

317 3919 377 3964 ruut
389 3917 456 3964 enim
469 3917 533 3964 ritus
545 3919 663 3975 salutem,
675 3917 721 3964 sed
730 3917 838 3977 pingunt
847 3917 985 3977 religiones
995 3917 1054 3963 inde
1063 3921 1203 3976 susceptas.
1221 3917 1277 3963 Hoc
1286 3917 1307 3963 si
1318 3921 1435 3979 negatur,

317 4001 408 4051 intima
419 4001 522 4050 deletur
535 4003 693 4062 differentia,
707 4015 770 4062 quae
782 4002 885 4064 piacula
897 4001 996 4048 dirimit
1007 4015 1022 4048 a
1035 4002 1175 4048 salutariis.

778 4245 832 4254 -ι-ο
850 4244 975 4257 υ--η
